2836 4628
134 345 137 360 ·
313 313 373 404 ξι
658 301 1036 394 Etauautn

242 415 246 424 ’
293 403 297 412 ’
313 443 381 504 tur
394 411 544 515 uquaiit
558 408 757 509 quantitati
773 407 942 511 expreffte
958 437 1025 512 per
1037 437 1173 492 novam
1188 417 1366 509 litteram,

315 555 393 633 qua
409 521 601 600 substituta
629 518 666 594 in
695 519 756 594 illa
781 518 1018 618 aquatione,
1042 521 1240 600 habebitur
1266 525 1388 611 nova*

312 639 479 734 aequatio
494 625 687 708 continent
714 650 836 702 novas
850 625 932 730 illas
945 629 1206 725 quantitates,
1232 632 1292 712 sed
1308 666 1364 716 ca.

312 768 400 820 rena
416 733 635 815 radicalibus
651 729 841 808 terminis.
865 733 986 808 Porro
1004 733 1239 816 habebuntur
1253 745 1361 820 etiam

307 867 376 927 tot
403 849 482 924 aiioe
508 839 761 940 aquationes,
782 855 879 938 quot
907 841 1000 916 novi
1018 845 1168 922 valores
1196 846 1360 950 assumpti

312 956 421 1039 suot,
444 949 624 1050 inquibus
642 945 790 1044 singulis
804 971 869 1046 per
884 949 1133 1025 elevationem
1154 957 1200 1027 ad
1213 960 1356 1032 eaodem

310 1057 525 1166 potentiam
556 1051 742 1130 vitabitur
766 1051 1063 1132 irrationaliter.
1095 1057 1355 1144 Earumautem
1409 1073 1412 1082 '

254 1214 256 1220 ι
310 1195 386 1270 ope
403 1215 414 1250 ,
430 1171 466 1245 dt
482 1158 720 1265 procedentis
733 1159 953 1259 aquationis
965 1213 977 1249 ,
989 1161 1168 1242 eliminari
1184 1186 1358 1263 poterunt

308 1278 362 1354 illi
377 1269 472 1350 novi
488 1275 636 1348 ualotes
649 1263 816 1363 auumpti
831 1266 914 1348 ,alii
929 1266 1008 1366 post
1021 1270 1136 1354 aiios,
1151 1277 1359 1354 reducendo

307 1393 504 1460 mainerum
533 1373 786 1471 aquationum
809 1373 856 1448 ad
871 1373 1084 1471 pauciores,
1113 1379 1238 1456 donec
1255 1385 1362 1460 unica

307 1489 460 1565 tandem
476 1483 707 1579 relinquatur
723 1479 887 1578 tequatio
905 1480 1090 1556 continens
1104 1480 1187 1558 tuos
1205 1494 1360 1570 vaiotet

307 1595 454 1674 solum,
479 1610 576 1688 quoa
591 1584 808 1663 continebat
831 1589 947 1688 prima
961 1585 1118 1688 equatio
1130 1595 1332 1689 propofita
1350 1648 1362 1674 .

368 1775 456 1874 185.
511 1711 1361 1874 stet³stt†ely:t⁴sa†buonatmt³sn

311 1897 859 2067 =P²bld=uni72=n
888 1959 1173 2040 &habebuntur
1193 1983 1363 2064 quatum·

305 2087 1269 2230 ³u⁰²t³⁰¹¹⁸⁵i†u=r†b‚ezp³,y=q²
1302 2137 1362 2199 ,z

304 2235 411 2336 :r⁴
430 2259 512 2352 Ope
539 2253 665 2350 primu
683 2251 892 2330 &secunde
919 2253 1039 2353 potest
1053 2255 1232 2333 eliminari
1244 2274 1297 2358 p,
1325 2261 1361 2342 dt

303 2364 378 2464 jam
403 2359 637 2438 habebuntur
661 2375 737 2436 tres
763 2359 1020 2462 aquationes,
1042 2361 1079 2438 in
1095 2363 1230 2467 quibus
1238 2383 1267 2466 p
1282 2393 1359 2445 nou

302 2503 453 2584 aderit.
478 2512 559 2604 Ope
585 2505 842 2604 trajannum,
873 2507 909 2585 dt
933 2505 1030 2584 illius
1054 2511 1174 2586 tertio
1184 2529 1212 2604 y
1227 2491 1341 2614 =q²

301 2611 445 2714 poterit
460 2613 638 2692 eliminati
652 2638 675 2716 q
690 2660 702 2698 ,
717 2611 835 2716 &jam
855 2612 1085 2692 habebuntur
1099 2619 1180 2692 dute
1194 2673 1208 2703 ‚
1222 2616 1260 2692 io
1277 2616 1361 2717 qui·

301 2723 372 2830 bus
387 2741 454 2794 nec
468 2720 587 2796 aderit
596 2741 621 2823 p
637 2767 650 2804 ‚
676 2743 743 2797 nec
758 2745 802 2822 q.
829 2723 910 2822 Ope
924 2721 1033 2824 hujus
1046 2748 1153 2800 nove
1168 2771 1181 2810 ,
1206 2726 1243 2802 dt
1256 2725 1361 2802 illiue

301 2883 545 2964 quattoez:
558 2847 599 2945 r⁴
620 2915 631 2954 .
646 2867 787 2966 poterit
799 2867 978 2946 eliminari
994 2895 1040 2952 r,
1067 2871 1186 2972 &jam
1202 2870 1362 2948 babebi-

302 2988 373 3047 tur
385 2975 568 3072 aquatio,
594 2973 629 3046 in
643 2999 716 3072 qua
730 2999 797 3050 nec
810 2975 930 3052 aderit
936 2993 962 3078 p
976 3023 990 3059 ,
1008 3001 1076 3055 noc
1092 3002 1214 3080 qmec
1228 3001 1274 3061 r,
1290 2975 1359 3056 fed

300 3077 371 3154 iliu
384 3079 467 3157 sote
482 3080 724 3189 quantitateq
736 3105 817 3181 quo
829 3083 981 3161 aderant
993 3082 1027 3158 io
1042 3085 1248 3186 oquatiooe
1260 3109 1360 3184 pro·

298 3187 433 3286 potita:
450 3189 627 3266 radicaies
642 3203 767 3264 autem
782 3189 927 3266 termini
943 3191 1088 3292 penitus
1102 3192 1258 3271 deerunt
1272 3217 1359 3271 om-

298 3315 390 3374 nen.
424 3293 511 3372 Haec
529 3313 652 3374 autem
677 3295 873 3374 methodus
886 3299 1083 3378 admodum
1103 3297 1264 3404 operosa
1277 3297 1359 3386 est,

113 3363 118 3370 Ι
234 3423 239 3432 ’
292 3387 991 3507 fedsatitfl'teteiiegeoemliffimam·

1199 3725 1363 3822 ΗΠΒ
1407 3845 1410 3856 Ι
