2842 4630
2 544 7 577 1
392 463 834 546 Sournorsu.
1056 461 1130 546 rtis
1245 553 1253 564 ‚

5 582 11 625 ¹·
81 569 256 656 titatibu's
282 565 399 646 finitis
414 573 684 649 contemnendo
698 575 847 673 aliqua,
873 575 955 675 quae
970 569 1129 672 respettn

11 681 16 731 ³
83 707 204 764 earum
221 679 303 756 sunt
317 675 461 754 infinite
476 703 617 776 parua,
631 679 816 756 inuenitur
827 678 1041 779 equalitas,
1067 701 1128 755 to·

80 793 149 867 ties
164 811 252 863 uera
267 783 460 882 equalitas
476 785 598 876 haberi
615 784 747 867 debet,
768 813 834 864 nec
855 793 950 863 ullus
977 813 1021 863 ne
1047 781 1130 881 infr·

80 892 267 974 nitesrmus
291 891 437 988 quidem
459 914 568 966 error
593 891 676 965 inde
700 893 792 968 oriri
824 895 976 990 potest.
1000 893 1131 969 Finito

78 1001 173 1081 enim
191 999 426 1096 quantitates
440 995 520 1070 snnt
542 1019 619 1078 en,
648 1018 729 1096 que
756 999 792 1073 in
818 1000 851 1074 se
877 1001 1132 1080 determinato

75 1109 157 1185 funt
173 1131 185 1178 s
199 1101 351 1176 infinito
363 1127 483 1200 parrae
494 1103 725 1203 quantitates
738 1101 818 1178 sunt
836 1127 911 1188 eo,
937 1129 1020 1205 quur
1036 1131 1128 1184 enu-

10 1207 17 1232 '
72 1211 276 1312 cipiuntur
289 1207 397 1280 minui
411 1208 456 1283 ad
483 1207 679 1284 arbitrium
695 1215 794 1286 ultra
808 1213 1056 1311 quoscumque
1085 1209 1129 1284 ii·

74 1322 194 1400 mites
204 1315 239 1387 in
254 1313 285 1388 ie
299 1314 562 1392 determinatos
576 1367 587 1389 .
602 1317 723 1392 Porro
734 1338 969 1418 contemptus
980 1315 1130 1416 quanti·
1288 1384 1291 1392 ,

74 1441 203 1505 tntum
229 1419 534 1496 infinitefimarur'n
570 1421 607 1496 in
631 1424 911 1521 comparatione
938 1425 1129 1524 quantita·

73 1549 159 1612 tum
174 1527 357 1602 finitarum
372 1531 507 1617 nuiium
521 1550 684 1604 errorem
697 1553 825 1630 parere
839 1529 1014 1628 potestne
1041 1528 1126 1605 infi-

72 1637 276 1718 niteiimum
290 1635 438 1732 quidem
453 1682 464 1706 .
477 1637 573 1710 Nam
589 1633 613 1708 sr
628 1635 694 1711 ills
708 1633 819 1712 finite
831 1635 1062 1737 quantitates
1076 1632 1127 1711 es-

70 1747 147 1826 sent
158 1741 389 1841 inequales,
404 1739 579 1817 haberent
601 1737 841 1820 differentiam
857 1746 1015 1843 aliquam
1042 1741 1078 1816 in
1093 1739 1128 1820 so

71 1852 358 1934 determinatam
371 1896 383 1920 .
395 1847 585 1948 Quoniam
599 1867 721 1926 autem
737 1851 804 1924 ilie
817 1855 1047 1952 quantitates
1061 1849 1097 1926 in
1111 1885 1127 1910 ·

70 1957 270 2039 finiteiimae
283 1952 430 2054 poiiunt
442 1955 554 2031 minui
569 1959 666 2031 ultra
679 1954 914 2060 quoscunque
934 1957 1070 2032 limites
1085 1957 1124 2032 in

68 2067 105 2146 [e
118 2063 399 2144 determinatos,
407 2079 587 2159 poterunt
609 2062 709 2137 iimui
724 2090 852 2141 omnes
865 2063 932 2138 effe
947 2064 1125 2144 minores,

1 2203 2 2230 ³
72 2195 189 2276 quam
204 2170 266 2243 iiia
276 2167 478 2245 differentia
488 2167 696 2268 supposita,
722 2194 830 2268 quam
843 2165 1000 2244 'idcirco
1021 2190 1128 2242 eom·

1 2285 2 2288 ’
71 2275 487 2384 pensarenoupofftnt,
518 2273 926 2376 necpoffetexiiiarum
953 2287 1123 2348 contem-

1 2457 2 2460 ,
71 2405 148 2488 pto
166 2379 325 2456 derivari
339 2383 526 2483 equalitas
539 2380 761 2481 quantitatis
774 2380 869 2456 iliius
884 2379 920 2456 in
947 2379 981 2452 ie
998 2379 1123 2474 deterg

1 2493 3 2564 i
71 2491 248 2571 minato,
267 2487 433 2564 nimirum
448 2487 660 2566 differentiae
674 2486 888 2590 suppositae.

2 2639 3 2676 i
136 2620 220 2692 ¹¹4·
273 2595 315 2670 ld
341 2599 510 2694 exemplo
535 2593 697 2696 sequenti
726 2597 790 2672 iiet
825 2594 943 2693 magis
970 2589 1122 2670 manife-

2 2773 3 2786 ,
70 2703 164 2782 stum
183 2755 194 2778 .
210 2703 288 2778 Sint
313 2701 599 2787 inbiiancehinc
618 2703 699 2778 inde
727 2700 800 2778 bini
827 2703 965 2801 lapidee
991 2693 1118 2775 inciuii

3 2867 4 2886 i
70 2837 155 2891 eum
169 2807 378 2908 liquoribus
390 2807 626 2908 quibusdam,
649 2807 710 2908 qui
732 2809 900 2906 'liquores
928 2823 1110 2904 perpetuo

3 2919 4 3002 i
69 2918 406 3000 debeantei'fluere,
430 2920 486 2990 rei
502 2916 724 3018 evaporari,
746 2915 863 2992 donec
878 2913 1023 3014 penitus
1036 2933 1123 2986 era·

3 3039 4 3053 ³
69 3023 250 3104 noscant.
275 3023 537 3121 concipiamus
563 3049 632 3100 nos
646 3019 777 3100 nescire
807 3039 930 3097 utrum
957 3017 1120 3118 lapidum

68 3133 239 3236 pondera
252 3129 403 3228 oquaiia
419 3129 511 3215 iint,
539 3149 663 3208 utrum
690 3127 853 3228 liquores
876 3127 945 3200 iilis
974 3123 1120 3221 pondus

66 3241 212 3318 addant
223 3285 235 3322 ,
247 3262 293 3313 an
306 3237 498 3319 auferant,
519 3259 642 3314 utrum
656 3258 758 3334 uque
772 3235 922 3310 effluant
935 3256 948 3320 ;
963 3229 1050 3303 scire
1063 3244 1120 3302 tu·

13 3354 17 3365 '
67 3369 155 3424 meo
170 3347 245 3423 irrec
259 3345 348 3419 dunt
364 3344 480 3419 donec
494 3345 631 3446 aiiqoid
644 3345 827 3441 liquorum
848 3333 1039 3437 supererit,
1053 3331 1120 3407 ha·

6 3396 19 3558 i
65 3453 148 3530 beri
164 3453 294 3528 debere
308 3451 546 3547 equilibrium
557 3445 617 3540 ,ἃ
632 3449 793 3548 liquores
804 3447 933 3521 debere
948 3433 1116 3516 imminui

68 3557 564 3656 uitraquoscunqueIimites
595 3558 630 3632 in
653 3555 685 3632 ie
714 3553 1004 3634 determinatos.
1031 3568 1116 3624 cum

6 3745 7 3763 q
69 3665 245 3745 nimirum
274 3664 428 3739 debeant
453 3665 597 3764 penitus
610 3659 839 3740 evanescere.
856 3661 907 3739 Eri
936 3653 1113 3734 bisbinis

72 3771 299 3850 veritatibus
315 3769 446 3848 inferre
457 3771 605 3852 licebit,
630 3770 766 3866 lapidet
780 3768 927 3870 aequaiiu
942 3761 1119 3870 ponderis

8 3987 36 4046 i·
69 3876 167 3968 εὖ,
190 3877 357 3984 Quaeret
381 3881 555 3982 setaque
573 3901 738 4068 rugire,
759 3878 816 3962 vsi
840 3899 941 3982 uque
955 3874 1122 4076 niniqqqe·

8 4047 11 4258 i

25 4552 41 4581 ,
