2836 4628
430 373 784 466 Aternum.
1042 381 1133 480 Ψις

122 509 217 592 ιι9ς.
273 482 461 562 Craterum
492 485 514 560 ιι
542 492 669 570 liceret
696 491 1093 592 postremumterminrt
1099 523 1135 576 m

68 601 216 676 elimina
220 616 306 676 re,
342 591 542 673 dividendo
570 599 696 676 deinde
724 616 851 679 totam
879 603 1134 700 aquationem

71 732 139 806 per
154 735 204 788 x,
227 726 269 776 ea
285 699 556 798 deprimeretur
580 707 626 781 ad
644 709 800 807 gradum
822 703 1060 790 inferiorem,
1087 733 1134 788 ae

66 811 188 892 seusun
205 811 334 884 liceret
356 803 585 904 aquationes
606 837 927 911 quorumcumque
945 817 1134 912 graduum

65 923 242 998 reducere
257 916 302 990 ad
318 911 480 1010 primum
493 919 676 1013 gradum,
693 949 735 998 ac
750 918 959 996 resolvere.
985 920 1132 1022 Pariter

64 1029 238 1104 illiceret
259 1021 441 1096 terminos
468 1021 570 1098 fimul
584 1049 712 1103 ornnes
727 1029 967 1117 intermedios
996 1014 1131 1106 tollere

64 1132 142 1232 ope
173 1127 419 1225 aequationem
450 1123 689 1216 inferiorum,
715 1133 987 1213 resolverentur
1004 1158 1131 1232 tequa-

66 1243 194 1318 tiones
210 1235 519 1331 utcunquealtae.
545 1239 641 1314 Nam
667 1239 802 1316 ablatis
828 1239 994 1316 terminis
1008 1238 1129 1318 omui·

2 1481 3 1494 Ν
63 1389 138 1464 bue
154 1376 402 1467 intermediis,
426 1381 697 1484 relinqueretur
707 1364 762 1462 ιε’
775 1386 825 1487 -l·
840 1403 928 1488 q:
940 1411 991 1473 o,
1009 1386 1127 1466 adeo-

63 1543 206 1672 'quett'
216 1587 391 1666 :mu
404 1507 945 1672 &les-q31112auteru
972 1572 1126 1650 inferior

64 1675 317 1754 resolveretur
330 1697 394 1770 per
406 1677 513 1752 aliem
529 1677 739 1754 inferiorem
754 1681 883 1756 eodem
898 1677 1031 1781 padio,
1056 1681 1125 1758 do-

63 1809 132 1863 uec
156 1780 394 1858 deveniretur
418 1782 464 1858 ad
478 1781 725 1883 aquationem
743 1787 879 1882 gradus
896 1787 1031 1884 primi.
1052 1786 1122 1862 sed

60 1891 268 1970 methodus
291 1891 444 1964 tollendi
471 1915 600 1968 omnes
615 1890 1046 1970 terminosintermedioe
1078 1894 1123 1970 st·

64 2001 145 2075 rnul
162 2018 226 2094 per
239 1994 465 2094 aquationes
479 1996 674 2075 inferiores
703 1995 910 2094 aequatione
924 1999 1119 2096 proposita

60 2105 139 2180 'ltue
166 2101 274 2200 usque
302 2127 377 2178 nou
404 2099 455 2180 est
483 2106 665 2186 inventa,
690 2128 734 2179 ac
750 2100 948 2178 methodus
964 2147 976 2185 ,
1003 2129 1117 2202 quam

61 2207 321 2294 tradidimus,
347 2209 494 2285 unicum
522 2207 785 2288 tantummodo
810 2207 997 2286 eliminet,
1028 2213 1061 2286 ἃ
1090 2212 1117 2288 li

59 2343 167 2395 nova
180 2313 352 2416 ejusmodi
367 2311 620 2394 substitutione
647 2332 815 2392 tentetur
829 2315 1033 2392 eliminatio
1050 2343 1117 2396 no·

61 2423 103 2504 ui
119 2421 290 2506 termini,
314 2423 409 2498 redit
427 2419 544 2500 statim
559 2425 617 2509 it,
642 2423 706 2524 qui
731 2420 939 2500 eliminatus
966 2420 1118 2510 fuerat,v

59 2555 132 2610 nec
145 2529 206 2602 nisr
222 2529 257 2604 iu
271 2525 352 2605 casu
366 2531 493 2628 aliquo
509 2529 725 2628 particulari
743 2529 973 2629 quorundam
988 2531 1111 2608 coelii·

60 2635 239 2718 cientium
257 2636 583 2713 determinatorum
609 2637 729 2736 potest
747 2633 947 2733 hujusmodi
965 2639 1113 2715 metho-

63 2745 121 2822 dis
134 2742 308 2817 eliminari
322 2743 511 2842 plusquam
529 2745 656 2821 unicus
672 2743 849 2820 terminus
864 2759 1032 2822 manente
1047 2771 1112 2822 eo·

62 2853 148 2929 dem
163 2849 589 2950 aquationisgradu.
652 2851 656 2862 '

118 2959 210 3056 296.
262 2955 386 3032 Potest
403 2974 524 3034 tamen
552 2957 689 3036 iterata
716 2955 1081 3036 ltaclubstitutione
1071 2985 1108 3034 ru

56 3063 332 3163 'requetionibus
361 3065 460 3138 tertii
478 3067 616 3162 gradus
643 3063 721 3164 poll
738 3065 962 3142 eliminatum
991 3063 1111 3144 secun.

59 3175 149 3248 dum
164 3171 359 3246 terminum
375 3217 386 3252 ‚
410 3169 512 3246 fauts
529 3173 769 3270 politionibus
785 3173 864 3250 aliis
879 3169 1108 3268 quibusdam,

59 3275 228 3355 deveniri
242 3279 287 3353 ad
300 3276 542 3376 aquationem
552 3281 733 3378 quandam
747 3327 759 3361 ,
773 3304 851 3378 quer
865 3277 947 3349 licet
964 3277 1006 3348 irt
1022 3301 1107 3371 gra·

55 3387 132 3464 dus
145 3383 237 3462 sexti
252 3431 265 3466 ‚
288 3384 509 3478 equivaleat
521 3383 717 3482 equationi
734 3385 869 3483 gradus
883 3381 1046 3463 secundi,
1061 3406 1106 3460 ao

56 3489 274 3570 resolvatur
290 3490 361 3589 ipsa
377 3497 437 3572 ,ἃ
451 3489 527 3591 ejus
542 3513 613 3590 ope
628 3489 830 3566 resolvatur
845 3490 1003 3589 equatio
1017 3511 1109 3592 pro·
1237 3581 1240 3587 Ι

52 3598 182 3708 posita
195 3599 335 3698 gradus
349 3599 448 3678 tertii
464 3650 475 3680 .
502 3601 571 3679 sed
586 3599 630 3680 de
643 3597 700 3676 his
719 3599 928 3699 insequenti
942 3603 973 3692 l.

45 3949 49 3961 ·
172 3915 469 4024 mutemur.
677 3921 696 4000 ι
984 3901 1113 4012 txssr
