2842 4626
305 369 391 471 am
504 363 1141 446 Tntotnsnantrm

306 481 399 562 talis
420 476 461 553 fit
482 469 703 552 semisumma
730 475 929 548 eorundem
955 472 1256 570 segmentorumi
1286 471 1349 552 has

308 587 410 663 bebio
437 581 647 681 (pennum.
661 580 755 668 28.)
782 576 865 654 bina
889 574 1077 674 segmenta
1093 581 1208 660 ABE,
1233 583 1348 654 DBE.

309 693 378 768 ter
393 716 462 789 pro
478 688 569 760 ΑΒΒ
583 687 730 763 affirmes
745 680 966 780 segmentum
982 686 1070 760 illud
1080 734 1091 771 ‚
1105 687 1204 786 quod
1216 684 1348 785 magist

306 799 369 874 vel
383 797 500 872 mitius
515 794 619 866 distet
631 792 676 866 ab
692 791 830 890 angulo
843 787 967 871 terto,
993 810 1108 888 prout
1122 819 1139 866 e
1155 793 1346 867 contrario

306 905 464 1000 angulus
479 903 509 974 A
525 896 691 994 adjacens
706 895 851 971 distabit
865 891 981 972 minus
996 943 1007 977 s
1029 903 1090 973 vel
1105 895 1237 996 magis3
1259 921 1345 974 cunt

305 1007 477 1091 nimirum
494 1011 512 1096 (
527 1025 591 1101 per
604 1025 682 1075 can.
694 1023 705 1072 r
719 1024 748 1078 ι.
763 1009 782 1091 )
797 1002 864 1076 sint
880 999 971 1078 finus
984 999 1249 1099 segmentorum
1263 1026 1346 1076 ver·

307 1114 419 1198 titis,
445 1125 487 1182 ut
503 1105 643 1184 cofisus
657 1108 875 1204 angulorum
890 1105 1159 1205 adjacentium,
1182 1112 1215 1186 &
1240 1130 1343 1185 artus

308 1213 499 1326 propioris
515 1211 710 1311 quadranti
725 1211 865 1288 cosmus
880 1213 923 1290 stt
937 1215 1082 1301 minor,
1113 1217 1206 1292 finus
1232 1214 1346 1312 major·

310 1336 519 1422 (pernam.
536 1339 598 1412 39.
612 1323 632 1408 J
646 1321 739 1406 aJam
755 1317 791 1393 in
817 1319 1004 1420 triangulo
1030 1317 1241 1419 rettangulo
1255 1321 1345 1394 ΑΕΒ

306 1453 355 1509 ex
367 1428 442 1506 ΑΒ,
455 1428 487 1502 8(
501 1425 588 1498 Ant
600 1422 760 1500 invenies
775 1427 949 1523 angulum
963 1427 1022 1499 ΒΑ
1030 1427 1139 1525 Βζρετ
1152 1427 1345 1517 commo).

308 1533 380 1614 Sed
397 1533 419 1607 ir
434 1532 526 1606 ABE
540 1529 704 1607 habitum
717 1529 829 1606 fuerit
843 1555 907 1628 per
921 1527 1189 1608 subtratiionem
1207 1536 1264 1618 ,8r
1278 1537 1346 1609 ob·

304 1639 454 1734 ¹venerit
478 1633 713 1736 negativum,
738 1637 995 1736 perpendiculo
1009 1639 1062 1711 BE
1076 1641 1222 1714 cadente
1247 1638 1346 1716 citra

306 1748 345 1824 A
362 1794 373 1826 ‚
396 1747 549 1842 angulus
564 1741 731 1843 quaefitus
753 1745 856 1817 ΒΑΙ)
870 1739 942 1820 non
957 1743 1029 1818 erit
1041 1745 1205 1828 idomate
1218 1744 1343 1832 ΒΑΕ,

309 1851 370 1950 ¹sed
383 1849 774 1954 ejuscomplementttm
787 1851 831 1926 ad
847 1848 1092 1931 duosrettos.
1337 1839 1341 1847 ’

728 1957 947 2038 scholiam.

364 2086 455 2165 305.
506 2061 644 2145 Licebit
659 2061 753 2140 inter
764 2062 798 2140 se
812 2065 975 2142 conferre
985 2063 1184 2146 solutiones
1197 2063 1294 2144 easta
1314 2065 1346 2148 ti

308 2188 363 2270 3,
388 2195 437 2270 5,
459 2195 540 2248 cum
557 2197 604 2258 a,
630 2191 682 2266 4,
707 2172 757 2254 6,
781 2191 860 2268 qne
884 2172 1012 2250 irafibi
1039 2172 1344 2274 respondent,·ut

306 2277 399 2374 sepe
427 2279 549 2356 eadem
576 2277 721 2374 prorsus
735 2278 846 2354 verba
863 2279 1345 2374 adhibeantur.Plerumque

307 2381 1346 2486 solentdemonstrareiufignemproprietatemtriangulo·

308 2513 393 2568 rum
417 2487 674 2588 sphericorum
698 2513 831 2566 aream
858 2487 1347 2572 insolutioneadhibereAi

308 2593 481 2680 nimirum
498 2597 532 2672 in
546 2596 678 2699 quovis
694 2594 880 2695 triangulo
902 2603 1016 2678 latera
1041 2617 1229 2677 mutentur
1242 2597 1276 2672 in
1289 2621 1349 2671 an·

312 2706 447 2804 gulos,
471 2707 593 2802 anguli
627 2701 806 2782 niceteria
837 2725 1026 2784 mutantur
1049 2708 1085 2784 in
1110 2711 1254 2788 latera,
1282 2707 1348 2781 &a

311 2808 485 2886 contario
498 2863 507 2883 .
520 2809 587 2886 Sed
598 2807 636 2884 ‘in
651 2835 693 2889 ea
706 2809 910 2888 mutatione
924 2813 959 2885 in
972 2837 1074 2894 novo
1088 2813 1277 2912 triangulo
1290 2833 1349 2884 an·

309 2911 408 3016 gulis
423 2913 657 3014 quibusdam,
681 2921 739 2993 vel
752 2919 928 2996 lateribus
941 2917 1180 2997 substituenda
1197 2921 1277 2994 sunt
1291 2940 1350 2990 eo-

313 3043 396 3108 rum
415 3025 683 3124 complementa
708 3023 753 3098 ad
779 3026 873 3102 duos
900 3023 1018 3104 reiios
1033 3079 1043 3102 .
1058 3025 1151 3103 Hinc
1176 3019 1350 3125 expolitis

308 3123 451 3202 'caiibus
473 3151 485 3201 r
504 3175 516 3212 ,
534 3151 553 3225 3
572 3178 582 3210 ,
599 3151 643 3225 5,
659 3127 704 3202 ad
717 3151 781 3203 eos
797 3133 1151 3234 reducuntreliquos
1180 3147 1260 3211 tres
1281 3151 1350 3226 ope

312 3227 484 3332 ejusmodi
510 3233 868 3312 transformationis.
896 3243 963 3318 Sed
985 3239 1158 3341 quoniam
1182 3243 1220 3319 Βι
1243 3230 1351 3330 tranf-

306 3339 547 3418 'formationis
576 3343 682 3443 ipstus
711 3343 993 3433 demonstratio,
1033 3341 1350 3426 &determinatio

305 3444 481 3528 'casunm,
507 3448 541 3521 in
558 3451 690 3548 quibus
704 3451 833 3535 lateri,
860 3457 916 3530 vel
929 3454 1065 3553 angulo
1086 3451 1350 3528 transformato

312 3550 475 3626 substitui
492 3553 620 3632 debeat
633 3556 708 3656 ejus
720 3559 1023 3656 complementum
1038 3559 1083 3633 ad
1097 3559 1190 3652 datos
1206 3556 1348 3635 renos,

312 3651 363 3742 ².st
376 3655 566 3752 aliquanto
578 3661 786 3760 operosrom
801 3665 913 3762 &per
924 3665 1239 3743 nostroscanones
1254 3678 1349 3756 eque

302 3757 416 3848 ‘facile
433 3760 643 3847 immediate
668 3769 1095 3878 solvunturposteriores
1126 3789 1202 3850 tres
1229 3765 1349 3885 casata

327 3884 330 3893 ’
1194 3892 1348 3978 acprlo·
