2860 4648
268 379 329 462 ato
607 373 645 452 Ι
670 396 691 450 t
716 395 736 450 r
762 395 794 450 rr
816 387 837 453 u
862 391 890 450 rr
914 396 939 453 τ
964 381 1006 452 n*

274 483 383 568 daila
395 483 521 569 CLM,
545 507 625 586 quc
640 501 806 579 tangenti
822 501 999 562 occurrat
1012 481 1049 560 in
1062 479 1127 568 Ml
1155 483 1229 567 erit
1253 487 1320 572 ἑοὶ·

279 617 320 678 ta
334 598 410 684 ΗΜ
425 597 534 693 dupla
549 593 656 692 iplius
675 589 768 666 AH.

365 703 437 776 ·Sit
447 701 518 796 jam
534 699 690 774 circulus
712 697 803 770 ΑΡΤ
816 707 834 789 (
849 696 993 796 pigno.
1007 707 1026 791 )
1041 697 1161 799 primo
1176 700 1211 776 in
1228 705 1320 800 qua-¹

275 825 367 890 tnor
382 807 672 908 partesaequoleo
696 803 856 886 divisus,
884 807 1012 882 deinde
1034 812 1069 879 in
1101 809 1151 888 8,
1175 808 1211 884 in
1248 809 1292 885 16
1306 855 1321 895 ,

149 939 151 944 '
276 918 316 996 io
337 939 410 1012 32,
437 910 474 986 iu
492 913 567 1008 64,
594 911 629 986 in
652 913 721 988 128
735 915 803 986 &o
817 916 1077 1011 proutcuique
1092 914 1264 1002 libuerit,
1283 923 1321 997 &

277 1017 529 1120 concipiamus
553 1043 617 1120 per
630 1041 671 1095 en
696 1016 914 1095 divisionum
940 1019 1073 1117 puniit
1098 1037 1321 1120 tangentes,-

277 1127 490 1210 &chordas
502 1124 709 1204 alternatim
725 1123 874 1209 duliae,
902 1125 1157 1214 habebuntur,
1187 1147 1227 1202 nt
1254 1155 1318 1227 pa·

274 1253 357 1320 tet,
388 1235 462 1309 doo
476 1233 657 1336 polygoni
674 1282 686 1316 ,
712 1255 871 1330 quorum
887 1238 980 1309 alter
995 1235 1188 1332 inscriptus
1200 1233 1321 1310 circus

274 1345 315 1422 lo
330 1341 405 1423 cll,
432 1339 859 1438 altercircumscriptorg
888 1343 998 1417 ambo
1014 1358 1136 1416 nutem
1153 1341 1319 1438 triangu-

273 1449 321 1530 lis
334 1444 500 1526 constant
512 1445 711 1544 oqualibus
729 1447 923 1547 triangulis
938 1449 1043 1522 HCM
1062 1447 1189 1536 ‚lCL3
1213 1472 1316 1522 cum·

274 1577 347 1658 que
360 1553 485 1632 haberi
500 1548 629 1652 pollrnt
644 1551 717 1627 HM
733 1556 767 1630 ἃ
782 1553 824 1626 lL
837 1553 1109 1653 quantumlibet
1124 1553 1221 1626 veris
1233 1580 1324 1648 pro.

273 1663 386 1742 ximo
411 1709 423 1745 ‚
453 1665 489 1738 8<
514 1679 686 1735 uumerus
711 1663 867 1736 luterum
897 1663 1113 1741 habeatur,
1154 1661 1322 1735 omnium

272 1764 572 1868 quoquesummn
600 1765 829 1847 innotescet,
856 1764 1024 1847 boecii,
1050 1763 1244 1864 porimeter
1261 1769 1318 1840 iu·

276 1871 401 1972 scripti
430 1871 600 1971 proxime
626 1872 747 1948 minor
768 1895 878 1957 vera,
905 1871 1322 1974 &perimetercircum

276 1977 403 2077 scripti
432 1975 601 2076 proxime
615 1977 733 2080 major
749 2003 860 2061 vera,
884 1980 994 2056 itaut
1010 1981 1070 2054 hic
1083 1974 1242 2054 defectus
1259 1975 1322 2054 vel

275 2080 439 2163 excelsus
464 2103 642 2182 quantum
659 2087 789 2186 cuique
817 2083 964 2163 libuerit
990 2085 1108 2164 tenuis
1136 2083 1206 2166 sn,
1233 2107 1319 2161 cum

276 2190 404 2268 radius
417 2188 454 2264 in
467 2187 663 2288 quemlibet
676 2191 836 2292 portium
852 2217 1042 2270 numerum
1057 2191 1174 2268 dividi
1188 2189 1293 2289 polilt
1307 2239 1323 2268 .

269 2299 349 2391 lam
365 2321 457 2374 vero
474 2295 695 2376 manifestum
709 2296 757 2376 eli
780 2303 1018 2396 perimetrum
1042 2297 1227 2402 polygoni
1242 2297 1316 2374 cir·

273 2401 483 2502 cumscripti
513 2405 637 2480 circuli
665 2404 871 2502 peripheria
900 2403 1074 2501 majorem
1106 2403 1197 2486 esse,
1224 2401 1324 2503 peri·

272 2526 431 2586 metrum
447 2507 537 2581 verit
554 2506 712 2605 inscripti
730 2507 906 2584 minorem
923 2533 988 2588 ‚oc
1006 2529 1202 2608 propterea
1219 2511 1322 2586 intra

274 2614 345 2693 hos
359 2609 494 2686 limites
507 2607 616 2707 ipsam
631 2610 875 2710 peripheriam
890 2613 1069 2690 contineri
1086 2667 1096 2686 .
1113 2615 1167 2690 llll
1183 2616 1323 2692 limites

276 2734 458 2818 quantum
473 2712 623 2813 quisque
638 2717 728 2792 velit
742 2719 1011 2794 contrahentur
1034 2719 1141 2796 anilo
1160 2723 1321 2798 laterum

271 2847 451 2906 numero.
467 2820 608 2896 Etenim
624 2825 673 2898 ob
689 2823 957 2918 triangulorum
975 2827 1079 2902 HCA
1097 2878 1108 2912 ,
1124 2829 1204 2902 lCK
1222 2829 1319 2902 frmi·

272 2927 464 3005 litudinem
479 2949 560 3004 cum
584 2928 625 3002 lit
645 2932 709 3008 CA
726 2934 814 3008 ,ΕΚ
829 2959 838 3004 :
854 2961 864 3007 r
881 2935 950 3008 ΑΗ
965 2989 975 3010 .
992 2935 1040 3007 Kl
1054 2984 1064 3018 ,
1077 2937 1149 3014 erit
1165 2935 1321 3035 quoquo

275 3033 476 3113 dividendo
495 3037 583 3109 Ac.
598 3037 714 3117 AKrr
732 3041 801 3115 ΑΗ
817 3096 827 3118 .
841 3043 913 3116 ΑΗ
928 3043 1056 3127 -Κῐ,
1085 3049 1120 3123 ἃ
1141 3043 1175 3117 ἰη
1190 3043 1319 3119 eadem

271 3141 419 3221 tatione
445 3141 517 3219 erit
533 3158 614 3218 toto
629 3147 824 3247 perimeter
847 3152 1030 3253 polygoni
1047 3147 1322 3248 circumscripti

273 3249 321 3328 ad
337 3246 416 3348 ejus
431 3245 669 3330 differentiam
685 3257 730 3332 ab
743 3253 918 3359 inscripto
934 3266 953 3347 (
972 3257 1182 3352 Axiomnp.)
1197 3255 1319 3355 Quod

164 3449 171 3460 ,
273 3353 298 3428 fi
315 3357 470 3430 laterum
484 3381 652 3436 numerus
665 3382 845 3456 augeatur
860 3365 1320 3462 minuiturquantumlibet

157 3468 159 3476 '
271 3460 350 3543 m,
376 3463 543 3540 &multo
561 3473 676 3568 magis
694 3469 792 3572 ΑΚ,
822 3473 986 3568 adeoque
1011 3471 1187 3548 minuitur
1200 3481 1321 3568 quanav

273 3567 445 3644 tumlibet
474 3577 750 3675 polygonorum
776 3576 1004 3659 differentia,
1030 3581 1066 3654 &
1089 3577 1319 3656 contrahun-
1401 3573 1406 3582 ¹

273 3673 508 3765 melimine,
533 3679 632 3762 iutra
656 3687 867 3788 quos'litus
890 3685 940 3766 est
965 3685 1074 3766 valor
1099 3684 1334 3794 peripheria,

270 3780 423 3866 circuli·

1218 3895 1318 3981 Hinc
