2828 4634
241 385 409 500 &ttt'
646 389 1010 485 duratura

306 525 330 611 (
347 517 459 596 ess't
475 507 520 608 >a
536 535 616 593 a:
629 527 651 608 7
665 564 675 586 .
691 517 732 589 lit
744 517 867 592 eadem
880 512 1056 590 methodo
1075 505 1212 608 semper
1241 503 1346 591 inre·

300 626 376 702 niti
399 637 573 724 poterunt
595 616 725 694 infiniti
751 621 811 698 alii
826 619 1054 721 Logaritbmi
1078 625 1345 704 numerorum,

292 731 369 830 ,qui
385 733 441 806 rel
451 720 586 822 integri
600 725 667 799 lint
680 771 692 807 ‚
706 729 763 802 rel
776 749 821 802 ex
836 727 990 826 integris
1005 725 1039 805 dr
1056 723 1178 800 naeus
1192 747 1347 824 compo·

303 837 387 916 frti,
415 830 555 908 medior
572 832 748 908 terminon
771 827 865 908 inter
887 834 982 908 dunt
997 831 1189 930 proximos
1203 831 1347 928 semper

302 938 547 1040 inquirendo.
564 939 682 1042 Porro
698 940 930 1036 geometricae
944 937 1205 1038 progrelfioois
1220 938 1347 1014 termi-

299 1044 340 1140 pi
356 1043 528 1120 dicuntur
542 1039 612 1118 fine
629 1047 702 1118 ullo
729 1041 857 1120 addito
876 1041 1022 1124 numeri
1033 1087 1048 1128 o
1073 1044 1219 1120 termini
1250 1042 1343 1120 verb

302 1145 547 1234 arithmetico
561 1149 787 1247 Logaritdmi
800 1197 811 1226 .

296 1307 301 1317 ·
363 1255 419 1332 ιδ.
472 1255 685 1353 Utcumque
713 1249 1093 1356 fuerintlogarltbmi
1125 1245 1339 1339 c‘ottl'lltutii

296 1357 438 1461 temper
450 1381 577 1438 verum
588 1361 749 1436 eritboc
763 1369 931 1460 generale
946 1360 1147 1438 Tbeorema
1162 1411 1172 1446 ,
1200 1363 1299 1462 quod
1312 1357 1339 1439 ii

268 1449 1341 1568 lcprogremorbGeomerrtcaquatuortatoanrurtermi-

300 1575 365 1658 ni,
392 1572 453 1672 qui
481 1574 549 1648 lmt
571 1571 672 1649 inter
695 1573 729 1646 fe
751 1573 976 1671 geometrice
1000 1577 1301 1672 proportionales
1326 1616 1340 1660 2

297 1677 785 1777 erunteorumlogaritbmi
812 1678 847 1753 in
872 1683 1120 1778 proportione
1133 1679 1340 1758 arithmeti-

296 1811 366 1862 aa.
382 1783 600 1860 Er'trnten'tm
616 1785 667 1858 illi
683 1785 733 1860 ita
759 1785 796 1860 in
811 1787 897 1860 serie
917 1782 1077 1885 dispositi
1096 1836 1107 1872 ,
1128 1805 1171 1862 tat
1195 1787 1340 1883 priores

299 1893 377 1966 duo
391 1915 491 1991 tuque
505 1888 632 1965 distent
646 1891 741 1965 inter
754 1889 809 1970 se,
822 1907 867 1963 ut
889 1889 962 1967 duo
976 1891 1218 1993 posteriores:
1234 1893 1338 1989 quod

301 1997 396 2072 idem
424 2023 505 2072 cum
520 1994 767 2092 Logarithmis
793 1996 1014 2098 contingat,
1041 2015 1149 2077 erunt
1170 1995 1334 2074 etiamhi

297 2099 533 2180 'artellmetlct
550 2103 873 2201 proportionales.

358 2229 415 2301 ¹7.
469 2205 590 2308 Igitur
619 2226 856 2306 quecumque
883 2205 990 2285 fuerit
1007 2209 1329 2310 bogaritbmortrm

296 2313 537 2406 constitutio,
569 2313 605 2386 lo
625 2315 750 2412 regula
780 2313 891 2387 trium
919 2313 1100 2394 [artiserit
1129 2315 1268 2392 secundi
1298 2317 1336 2396 &

293 2419 396 2492 tertii
413 2421 557 2494 termini
572 2419 830 2515 togamthmos
848 2415 1005 2504 addere,
1028 2422 1121 2497 &ab
1138 2421 1332 2499 calumme

293 2499 570 2622 logatithmum
584 2523 690 2618 primi
715 2519 926 2598 fnbtraltere
953 2543 994 2602 ut
1019 2519 1331 2624 habeaturdoga·

292 2628 451 2701 rithmus
477 2625 600 2724 quarti
624 2645 635 2714 ς
674 2643 755 2700 cum
779 2627 871 2699 enim
898 2629 963 2703 lint
988 2625 1211 2732 geometrice
1240 2656 1331 2732 pro.

287 2727 875 2909 portionalesnttmeri,unorum
904 2751 978 2812 tres
1008 2744 1141 2817 dantur
1171 2739 1204 2816 u
1234 2759 1330 2814 noun

149 2857 153 2866 ’
305 2833 488 2932 nquiritur
515 2879 528 2918 ‚
556 2851 663 2910 erunt
690 2861 814 2913 eorum
841 2839 1069 2941 Logaritlrmi
1095 2843 1329 2921 arithmetice

286 2937 611 3046 proportionalem
624 2960 737 3040 quare
753 2945 886 3022 summa
901 2949 1006 3048 primi
1022 2953 1054 3028 ἃ
1071 2952 1187 3025 ultimi
1205 2971 1327 3048 aequa·

287 3045 335 3122 lit
350 3043 421 3121 erit
434 3041 574 3122 summe
589 3043 729 3124 secundi
747 3053 780 3130 dr
797 3046 919 3137 tertii,
946 3057 1110 3158 adeoque
1130 3055 1323 3133 habebitur

287 3169 444 3256 quartus
470 3197 482 3236 ‚
508 3153 588 3229 stab
603 3153 732 3230 horum
749 3155 882 3237 summa
898 3161 1052 3260 primum
1071 3159 1270 3238 subducas.

348 3259 402 3334 18.
455 3260 682 3361 legarithmi
697 3261 926 3362 designantur
941 3261 1161 3365 praefigendo
1177 3263 1330 3365 quanti·

284 3363 355 3440 tati
371 3365 533 3444 litteram
548 3367 596 3450 l,
621 3371 675 3445 vel
691 3365 782 3470 [og.
809 3373 910 3470 quod
923 3371 1149 3470 frequentius
1175 3373 1328 3470 usurpa·

284 3483 350 3576 tur
364 3522 374 3544 .
388 3473 516 3572 ltaque
532 3473 621 3572 [og.
635 3501 657 3550 a
673 3475 826 3552 denotat
843 3477 1118 3576 Logaritbmum
1135 3481 1273 3554 numeri
1287 3503 1326 3555 u.

285 3575 401 3666 Quod
415 3577 502 3654 fillo
516 3582 615 3656 notis
629 3579 893 3664 utaris,clarius
907 3579 1015 3658 etiam
1032 3585 1325 3684 intelligesqlrod

283 3679 492 3762 dicebamus
505 3715 515 3780 ;
530 3685 608 3762 iore
623 3711 749 3787 nempe
764 3687 852 3788 Log.
866 3713 947 3771 tt:
961 3687 1052 3789 [ος.
1065 3695 1085 3766 b
1098 3705 1145 3766 ιβ
1156 3693 1266 3789 [ομ
1277 3731 1326 3754 .-

281 3785 448 3902 .130ng
471 3791 499 3867 li
523 3791 632 3872 luerit
657 3798 899 3876 adeant.
921 3799 1015 3876 Cum
1040 3793 1108 3876 saut
1133 3795 1226 3876 enim
1255 3820 1327 3872 nu·

290 3923 296 3938 ·
1197 3925 1324 3978 meru·
