2838 4628
296 385 355 498 36
643 381 1015 464 harmanni

296 498 469 584 cedentes
480 491 563 576 sunt
576 503 602 592 '4
614 538 627 576 ‚
639 519 690 574 0,
710 529 764 560 -ι
778 515 798 568 a
813 543 826 581 ‚
840 515 1001 592 quorum
1016 489 1164 593 priores
1180 496 1258 573 bini
1269 525 1342 582 non

295 605 427 688 adsunt
460 605 555 678 inter
568 600 743 676 divisores
769 600 874 700 hujus
891 601 981 676 novi
1007 601 1150 676 valoris
1179 603 1343 692 inventi,

187 787 192 808 „
299 712 472 792 nimirum
502 709 640 782 numeri
668 708 721 788 6,
744 703 876 782 te'rtiua
904 723 1024 782 autem
1054 707 1181 783 adest.
1213 715 1342 812 Quare

298 823 448 922 priores
460 817 551 890 binae
563 813 638 887 usui
653 807 718 886 eise
731 837 805 888 non
820 809 963 906 possunt
978 859 991 893 ‚
1014 813 1049 887 dt
1065 815 1283 916 relinquitur
1297 820 1341 892 it·

297 934 336 1007 la
357 923 432 1000 sota
450 967 462 1000 t
487 943 596 1020 quam
612 919 767 997 vidimus
782 917 952 995 exhibere
974 915 1162 1018 quaesitum
1180 927 1339 1000 valorem

302 1051 525 1120 0:2-4.

355 1140 416 1211 80.
470 1135 526 1204 An
553 1130 644 1206 bine
671 1127 900 1228 quantitates
924 1153 1153 1208 communem
1181 1133 1339 1211 habeant

298 1240 496 1320 'divisorem
525 1238 642 1312 nrinus
657 1235 849 1314 difficulter
863 1235 1050 1312 invenitur
1074 1240 1199 1316 eadem
1218 1242 1340 1318 ratio·

300 1373 374 1427 ne,
402 1367 511 1442 qnam
527 1367 597 1440 pro
612 1345 769 1420 numeris
784 1341 976 1420 docuimus
997 1343 1032 1420 in
1046 1343 1257 1442 Appendice
1270 1345 1341 1419 Pri·

299 1476 368 1532 mae
383 1450 502 1524 Partis
516 1473 708 1547 num.145.
733 1449 925 1525 Dividitur
938 1475 1060 1546 nempe
1082 1452 1196 1524 altera
1213 1473 1280 1546 per
1293 1453 1346 1527 al.

302 1579 434 1636 teram:
450 1573 526 1631 tum
542 1557 564 1628 h
582 1560 683 1652 quod
694 1555 738 1630 ht
751 1556 944 1637 residuum,
960 1553 1131 1630 dividitur
1143 1577 1210 1654 per
1227 1554 1343 1654 ipsum

303 1661 469 1745 divisor,
496 1666 606 1760 &per
620 1685 756 1738 novum
773 1661 949 1738 resrduum
964 1657 1098 1736 divisor
1112 1682 1253 1744 novus,
1281 1678 1343 1736 at.

300 1793 373 1874 que
389 1768 442 1842 ita
456 1791 586 1866 porro,
599 1769 715 1846 donec
728 1773 866 1843 nulium
881 1767 1057 1845 residuum
1072 1767 1244 1860 habeatur
1260 1791 1270 1839 t
1284 1769 1342 1841 ul·

300 1883 417 1954 timus
432 1883 553 1948 autem
572 1873 736 1955 divisor,
762 1875 834 1948 erit
860 1874 993 1950 divisor
1007 1873 1210 1952 communis
1227 1871 1343 1950 maxi-

302 1979 412 2062 mus'·
440 1979 793 2057 Demonstrationem
818 1981 950 2057 ibidem
965 1981 1129 2057 dedimus
1139 1985 1347 2076 num.146,

305 2093 343 2170 ἃ
369 2107 462 2183 ¹47·

359 2197 421 2271 81.
462 2197 574 2292 =Soepe
602 2208 722 2270 tamen
749 2195 784 2270 in
808 2193 974 2270 formulis
998 2191 1263 2292 Algebrnicis,
1302 2205 1346 2265 nt

300 2299 442 2379 ¹diuisor
469 2299 574 2398 poisat
589 2299 701 2374 dividi
717 2325 781 2402 per
796 2298 972 2376 rehduum
990 2347 1001 2394 2
1021 2319 1175 2399 oportet
1206 2301 1346 2398 primos

302 2431 431 2484 eorum
450 2405 626 2480 terminos
650 2407 703 2482 ita
728 2431 932 2508 preparare
946 2456 957 2491 ‚
985 2425 1028 2480 ut
1053 2412 1146 2482 alter
1171 2431 1236 2507 per
1259 2409 1348 2482 aito.

300 2537 383 2588 rum
411 2511 582 2588 accurate
608 2510 722 2586 dividi
749 2509 855 2612 poiht
881 2509 950 2590 fine
976 2511 1150 2588 fruitione
1173 2563 1184 2584 .
1208 2513 1250 2584 id
1278 2535 1343 2586 au·

299 2633 376 2694 tem
393 2617 434 2692 fit
449 2619 640 2697 notando,
665 2619 728 2718 qui
756 2619 912 2695 faetores
939 2618 1046 2717 primi
1076 2617 1218 2694 termini
1248 2616 1346 2692 divi·

298 2724 393 2800 soris
407 2723 494 2798 novi
520 2749 592 2800 non
610 2725 790 2800 habentur
813 2728 848 2800 in
864 2726 983 2824 primo
1008 2725 1167 2804 termino
1178 2724 1271 2796 novi
1289 2725 1344 2798 di·

299 2829 365 2910 vifi
382 2878 392 2910 ‚
418 2829 486 2906 &h
510 2853 717 2928 pernotum
736 2833 891 2930 aliquem
907 2833 1021 2908 dividi
1037 2827 1156 2931 potest
1171 2845 1275 2904 totus
1289 2829 1347 2902 di·

223 2965 226 2974 ’
299 2937 428 3022 visor,
456 2936 646 3011 dividatur
659 2938 690 3010 is
704 2955 807 3012 totus
823 2961 886 3035 per
898 2961 1004 3034 eum;
1030 2939 1078 3014 fin
1095 2939 1210 3012 minus
1224 2981 1236 3017 ‚
1251 2939 1350 3008 mul-

299 3043 491 3139 tiplicetur
507 3062 610 3117 totus
627 3042 763 3119 divisus
778 3069 843 3142 per
856 3070 921 3120 eos
936 3069 1061 3122 omnes
1075 3089 1086 3127 2
1102 3069 1166 3143 per
1178 3063 1273 3140 quos
1289 3041 1349 3114 di·

299 3150 376 3224 vidi
392 3173 463 3225 noa
480 3147 648 3245 potuerit
661 3147 818 3232 divisor,
832 3152 1052 3248 quodetiam
1070 3147 1349 3226 observandum

298 3257 371 3331 erit
385 3253 781 3352 quotiescunquenova
796 3258 903 3353 quoti
916 3257 1191 3356 paraquaeritur
1207 3255 1244 3328 in
1254 3253 1350 3351 ejus·

298 3360 1347 3462 demdivisioniscontinuatione.Eoenimpastodivifio

258 3507 261 3515 ·
298 3467 437 3562 semper
452 3466 514 3540 fiet
528 3463 595 3540 fine
612 3465 815 3548 finitione.
843 3470 958 3572 Qnd
973 3489 1093 3546 autem
1109 3493 1151 3545 ea
1165 3470 1350 3567 multipii-

301 3571 404 3646 catio
426 3589 492 3645 aut
516 3570 645 3649 diviiio
671 3576 875 3651 communis
891 3574 1062 3654 divisoris
1089 3575 1352 3652 inventionem

299 3699 373 3751 non
392 3678 516 3750 turbet
544 3677 629 3754 satia
649 3680 791 3756 constat
805 3707 852 3758 ex
865 3679 986 3756 iisdem
1001 3683 1271 3764 theorematis,
1295 3705 1353 3758 ex

299 3777 435 3889 quibus
450 3779 663 3866 methodum
688 3784 1196 3890 prouumerisderivarimua
1221 3788 1356 3866 citato

731 3917 736 3930 ’
1242 3897 1356 3974 lotoe
