2838 4628
1111 329 1173 401 ,ΡΝ

187 617 191 626 ,
258 535 264 550 ’
300 511 488 614 tionum
502 509 672 654 primi,
695 503 752 607 'ac
783 495 971 608 secundi
1005 503 1181 639 gradus·
1204 541 1347 654 erpo·

301 657 507 777 suimus,
527 687 627 756 tum
644 661 693 753 in
709 653 1042 796 aequarionibus
1061 648 1230 788 gradus
1251 691 1342 758 ter-

301 813 392 926 tii,
415 823 460 906 &
477 807 627 946 quarti
644 803 795 900 multo
821 796 1218 902 fustus'immorati
1239 837 1347 947 pro..

272 1010 274 1018 ·
301 949 528 1054 firndioris
546 951 913 1083 investigationis
944 945 1179 1092 specimen
1198 947 1348 1089 quod·

303 1099 413 1200 dam
430 1173 446 1219 ,
463 1113 509 1198 &
530 1099 657 1198 vatis
672 1095 878 1240 pluribus
896 1090 1123 1197 methodis
1140 1099 1358 1198 inllitum'
1398 1109 1399 1114 '

301 1248 559 1346 tentamina
585 1239 888 1388 proponenda
915 1239 1204 1363 censuimus,
1243 1245 1350 1384 qui-

303 1391 385 1494 bus
407 1395 538 1529 Tyro
565 1397 663 1521 jam
693 1391 933 1532 aliquanto
963 1394 1251 1490 exercitatior
1291 1385 1351 1490 ad

250 1559 258 1576 ·
301 1531 656 1683 profundiorem
685 1531 908 1675 analystm
928 1538 1054 1640 viam
1087 1533 1164 1636 srbi
1185 1539 1350 1634 muni·

304 1716 402 1793 set:
439 1682 603 1826 quibus
633 1679 847 1788 absolutis
875 1685 1004 1827 quod
1035 1681 1094 1785 acl
1125 1682 1349 1781 altiorum

174 1920 178 1944 ,
302 1829 536 1968 graduum
548 1835 826 1973 aequationes
841 1831 1130 1933 resolvendas
1148 1834 1349 1975 pertinet
1374 1917 1376 1924 .

237 1983 240 1990 ’
303 1978 1351 2125 perradicumlimites,&approximationem

302 2153 402 2225 nott
434 2129 500 2224 im
532 2121 627 2224 fuse
657 2123 981 2270 exposuimus,
1013 2123 1163 2228 adhue
1193 2157 1349 2226 tamen

282 2333 287 2340 -
304 2306 398 2410 nec
416 2268 616 2370 omnino
633 2269 797 2374 curlim
819 2274 1159 2416 perstriximus.

451 2425 505 2516 Et
518 2415 587 2518 his
605 2420 796 2559 quidem
816 2417 911 2562 ipsa
922 2419 1092 2520 calculi
1110 2421 1348 2521 elementa

272 2567 635 2665 ·'continentur.
671 2572 737 2667 At
755 2563 956 2696 ejusdem
979 2561 1111 2670 usum
1126 2571 1176 2666 in
1193 2563 1348 2664 detera
1400 2633 1405 2642 -

303 2709 537 2809 minandis
555 2711 880 2842 theorematis,
913 2730 960 2816 δι
988 2709 1354 2854 solvendis.pto··

303 2853 512 2955 blematis
547 2931 564 2982 ,
606 2859 686 2960 sub
721 2861 864 2958 finem
901 2862 1051 2961 multo
1082 2857 1356 2994 diligentius

300 2999 527 3146 persecuti
545 3003 731 3127 sumus,
764 3007 984 3152 exemplis
1007 3008 1212 3152 pluribus
1238 3003 1356 3104 illu-

299 3147 484 3251 strando
502 3147 768 3274 methodos,
782 3191 836 3252 ex
854 3156 1018 3296 quibus
1035 3153 1226 3255 uberem
1243 3147 1355 3252 sane

300 3291 535 3438 speramus
555 3303 756 3438 Tyronis
789 3296 1018 3402 frustum.
1048 3299 1169 3408 Illud
1201 3333 1355 3398 unum

265 3445 269 3460 '
300 3443 592 3551 monendum
610 3449 855 3572 ducimus,
886 3450 997 3548 licet
1012 3481 1204 3548 omnem
1221 3450 1274 3544 in
1291 3483 1353 3544 eo

299 3619 491 3728 operam
512 3595 915 3718 collocaverimus,
932 3625 983 3696 ut
1002 3591 1185 3730 singula
1202 3587 1353 3732 quim

296 3727 499 3838 maxime
516 3737 711 3868 licerer,
741 3739 948 3868 dilucide
976 3775 1355 3887 exponeremus,

1196 3883 1359 3990 adhuc
