2840 4636
324 411 400 511 ηὸ
677 410 1044 484 Etnurura

382 539 470 612 533.
523 518 657 589 Verum
687 519 897 614 pierumque
932 517 1084 592 diversis
1117 520 1368 614 positionibus

328 621 501 701 adhibitis
526 621 561 693 in
579 621 696 718 prima
711 622 783 718 ipse
812 623 1021 732 aequatione
1038 627 1229 721 proposita
1258 632 1364 705 dete·

328 746 466 832 genter
480 750 606 803 omnes
620 726 790 800 transitus
806 755 827 802 a
841 730 944 823 signo
966 731 1126 826 positivo
1152 735 1200 805 ad
1216 737 1369 830 negati·
1412 823 1413 830 ἵ

329 859 419 912 vum
447 833 543 908 circa
570 857 696 909 omnes
730 833 892 924 radices;
918 838 1020 932 quod
1046 839 1198 914 omnino
1226 837 1371 937 semper

329 939 548 1038 continget,
573 939 600 1012 [ι
624 939 716 1036 bina
740 939 880 1014 radices
903 965 977 1015 non
1004 941 1138 1016 fuerint
1161 941 1249 1016 satis
1276 971 1366 1041 pro·

325 1048 434 1127 xime
446 1047 541 1120 inter
553 1043 608 1132 se,
622 1045 685 1122 &e
700 1044 989 1126 confideretione
1003 1051 1172 1124 valorum
1186 1051 1247 1130 A,
1265 1054 1365 1126 Ane-

325 1149 422 1258 tyna
445 1152 669 1234 exercitatus
691 1153 772 1232 loca
801 1148 871 1246 ipsa
888 1151 1099 1231 rranhtuum
1127 1151 1232 1229 facite
1250 1153 1360 1232 subn-

326 1255 500 1351 dorrbit.
529 1257 627 1338 idem
640 1255 712 1328 erit
725 1253 982 1353 subterfugium
997 1307 1008 1342 ‚
1037 1259 1095 1332 ubi
1111 1260 1277 1356 aequatio
1295 1260 1362 1334 ha.

326 1357 413 1442 bert
424 1363 563 1445 radices
589 1361 823 1458 imaginarias
839 1364 971 1440 mixtas
987 1363 1143 1437 realibus
1159 1411 1169 1443 ,
1190 1367 1225 1442 ἃ
1241 1366 1278 1435 in
1294 1389 1361 1439 eas

201 1461 203 1466 ’
324 1470 508 1569 impingat
524 1467 716 1544 methodus
732 1467 895 1541 tradita.
922 1466 1072 1544 Metaris
1087 1469 1183 1540 enim
1200 1469 1362 1565 pontio.

327 1579 433 1655 nibus
446 1573 518 1647 fere
532 1571 667 1670 semper
687 1571 916 1648 invenientur
928 1570 1090 1671 ejusmodi
1107 1575 1263 1648 valores
1281 1572 1363 1655 εΑ,

326 1677 519 1774 exquibus
534 1677 640 1758 liceat
656 1677 836 1774 conjicere
850 1683 951 1760 ioca,
966 1681 1001 1752 in
1016 1677 1141 1774 quibus
1156 1693 1365 1751 mutantur

325 1789 425 1886 figna
439 1827 459 1864 ,·
479 1787 538 1856 vel
553 1781 587 1854 in
602 1784 733 1880 quibus
749 1783 875 1884 inipso
897 1781 1042 1890 appulsu
1056 1783 1100 1862 ad
1111 1810 1136 1858 o
1156 1781 1366 1860 devenitur

327 1897 374 1972 ad
389 1886 573 1964 minimum
591 1889 800 1987 quoddam.
1007 1903 1015 1924 ·

382 2019 472 2092 534.
523 1994 593 2067 Ubi
609 1995 790 2092 superiore
815 1992 990 2072 methodo
1015 1995 1061 2070 ad
1077 1996 1235 2094 aliquam
1262 1987 1362 2070 radi·

327 2127 406 2181 orm
431 2099 516 2176 satis
541 2098 703 2196 proxime
730 2101 924 2180 deventum
950 2094 1086 2185 fuerit,
1112 2103 1274 2178 calculus
1304 2103 1356 2175 ob

327 2206 555 2284 decimalium
570 2203 781 2280 fraihionum
798 2233 982 2284 numerum
999 2259 1010 2292 ,
1039 2211 1118 2303 plus
1134 2227 1254 2302 aeqno¹
1270 2233 1352 2280 mo·

324 2313 432 2390 lelius
457 2311 599 2386 accidet
626 2310 839 2410 potiihmnm
866 2317 902 2388 in
920 2313 1112 2390 altioribus
1136 2315 1357 2407 uquntinni-

326 2421 394 2494 bus
410 2417 626 2492 habentibus
639 2420 758 2511 piures
785 2420 983 2503 terminos,
1009 2415 1211 2496 &arcenus
1230 2421 1275 2491 ad
1290 2443 1354 2492 ve·

325 2549 406 2598 rum
421 2525 584 2600 satorem
599 2519 646 2598 eii
660 2519 795 2622 semper
811 2527 1009 2604 admodum·
1020 2527 1161 2602 lentus.
1188 2521 1358 2599 Habetur

326 2649 448 2709 autem
465 2629 658 2709 methodus
673 2631 866 2709 admodum
881 2633 1050 2729 expedita
1065 2676 1076 2709 2
1089 2651 1162 2724 qna
1175 2677 1186 2708 ‚
1199 2627 1358 2703 invento

324 2737 428 2810 semei
445 2739 574 2810 valore
589 2763 660 2810 uon
676 2737 780 2818 nimis
793 2745 952 2820 remoto,
964 2731 1122 2813 citidimie
1136 2733 1182 2808 ad
1198 2731 1359 2810 maximi

323 2841 533 2942 proximum
549 2840 740 2916 devenitur
757 2891 767 2924 ,
795 2870 836 2918 ac
851 2847 1059 2943 pierumque
1070 2890 1082 2924 ,
1110 2839 1169 2912 ub'i
1185 2840 1357 2912 nimirum

325 2946 468 3021 altioris
509 2949 643 3039 gradus
679 2948 901 3046 aquationes
929 2951 1153 3031 anteriorum
1182 2945 1359 3024 termino·

321 3074 404 3126 rum
417 3049 657 3154 coeffieientes
672 3082 743 3130 non
759 3057 915 3133 habeant
928 3060 1007 3155 pius
1030 3077 1137 3152 uqno
1165 3050 1359 3148 ingentes,

322 3159 406 3234 satis
419 3159 512 3237 erit,
539 3155 562 3228 fi
577 3163 680 3232 valor
697 3161 866 3237 inventus
880 3189 898 3234 a
910 3187 1001 3239 vero
1018 3185 1089 3234 non
1108 3152 1210 3232 diuet
1226 3156 1361 3253 magis,

323 3290 431 3363 quam
458 3261 596 3338 decima
610 3263 656 3338 iui
673 3285 799 3365 parte,
827 3267 932 3343 &ubi
947 3265 1185 3346 coefficientes
1199 3263 1250 3337 iiii
1267 3265 1359 3336 mul·

322 3392 365 3446 to
391 3371 548 3466 majores
576 3370 665 3452 bnt,
689 3375 881 3451 methodus
907 3375 1096 3472 aliquanto
1126 3371 1243 3443 minus
1267 3392 1357 3442 con·

316 3495 479 3574 verget,
505 3473 567 3546 nist
592 3475 781 3573 aliquanto
808 3479 961 3574 propior
975 3503 1066 3556 vero
1080 3472 1280 3551 assumatur
1296 3497 1360 3546 va·

313 3585 404 3654 dor.
432 3579 628 3657 Methodus
653 3599 774 3660 autem
801 3583 970 3662 innititur
985 3585 1055 3667 iis,
1082 3603 1162 3680 quer
1178 3579 1360 3668 num.466

318 3686 672 3780 demonstravimus,
700 3689 744 3761 de
757 3695 968 3790 contemptu
995 3693 1235 3766 terminorum
1258 3683 1359 3782 supe·

321 3789 438 3873 riores
449 3793 636 3892 potentias
649 3795 914 3875 continentium
930 3794 1181 3897 quantitatum
1205 3794 1360 3886 exigua·

1250 3917 1359 3978 rum,
