2840 4636
423 385 765 474 Aternum.
1037 395 1114 492 267

79 503 269 590 cundum,
292 501 493 580 &tertium
508 529 527 578 e
541 505 827 603 precedentibus
841 503 981 587 tribns3
1004 522 1131 601 etque.

80 623 137 694 ita
153 628 334 712 perpetuo
349 605 573 686 affirmantur
588 611 675 688 novi
691 617 835 690 vaiores
847 639 918 710 pro
929 639 978 695 x,
1001 611 1119 686 donec

65 723 231 802 'deinum
254 719 312 792 vel
325 739 445 790 novus
458 719 866 800 valorAfit:0,ve1
878 721 971 794 idem
985 717 1121 793 habret
1195 805 1198 818 .

83 835 225 930 fignurn
259 822 487 900 contrarium
514 826 623 924 {ignis
649 829 854 930 priorum,
891 830 951 900 vel
978 823 1120 899 medius

84 939 200 1016 triurn
214 935 382 1008 velorum
397 928 437 1002 A
458 931 503 1007 fit
523 937 643 1010 altero
666 953 919 1012 extremorum
935 930 1054 1008 minor
1068 929 1122 1004 el·

83 1063 170 1122 tero
194 1065 269 1114 non
297 1035 440 1138 majore
466 1040 644 1116 ldauten
673 1039 867 1120 neceiiario
895 1039 1116 1138 continget:

82 1173 170 1252 narn
185 1141 322 1246 arjeua
337 1143 492 1220 valorix
504 1164 685 1245 perpetuo
700 1197 712 1234 ,
729 1151 788 1224 vel
799 1165 979 1248 perpetuo
994 1147 1118 1221 ublate

80 1253 298 1360 quantitate
308 1250 465 1349 quadan
492 1252 695 1338 constanti,
719 1255 891 1331 nimirum
905 1255 968 1329 ilio
984 1273 1118 1352 prece·

82 1357 1120 1454 dentiumralorumintervallo‚velorAexdemdnsupe-

82 1467 181 1549 riori
195 1473 226 1559 ξ.
239 1466 344 1540 debet
358 1464 411 1541 ite
424 1469 584 1550 mutari,
600 1487 642 1546 ut
655 1469 797 1546 demum
811 1469 847 1542 in
861 1467 1041 1544 infinitum
1052 1484 1119 1536 ex·

82 1573 291 1656 crefennae
304 1570 444 1649 interea
457 1575 515 1649 vel
528 1579 685 1675 appellet
700 1577 745 1652 ad
760 1603 798 1659 o,
810 1592 1037 1674 congruente
1053 1591 1122 1642 va·

84 1690 167 1764 lore
182 1679 302 1780 posito
317 1701 386 1776 pro
398 1707 424 1774 x
437 1683 656 1768 cumradice
669 1683 804 1782 aliqua,
816 1707 857 1756 ac
875 1679 1043 1758 transibit
1055 1693 1122 1772 per

86 1787 201 1890 ipsum
216 1813 265 1866 0,
290 1787 349 1858 vel
365 1785 447 1860 inde
461 1787 713 1886 regredietur,
741 1807 854 1887 prout
870 1789 918 1861 ibi
935 1783 1047 1863 fuerit
1062 1804 1122 1854 ra·

86 1898 212 1974 dicum
239 1915 320 1968 cum
344 1917 390 1966 eo
413 1897 542 1971 valore
566 1893 847 1994 congruentium
863 1915 1037 1968 numerus
1054 1887 1122 1958 irn-

86 2028 185 2108 par,
212 2001 271 2074 vel
283 2023 372 2096 par,
396 1999 580 2076 ueletiam
607 2019 692 2078 eote
705 1996 894 2099 oppulsum
908 2002 954 2076 ad
968 2023 992 2070 0
1018 2009 1121 2068 retro

87 2105 233 2187 cursum
261 2102 443 2186 refleetet.
470 2110 724 2209 Quamobrem
750 2109 774 2182 ii
798 2103 944 2206 priores
967 2103 1118 2176 valores

87 2213 226 2296 fuerint
247 2211 470 2312 inequales,
504 2241 547 2292 ac
575 2217 709 2294 tertius
731 2211 931 2292 obvenerit
957 2225 1120 2302 utroque

90 2325 212 2402 minor
224 2317 245 2404 (
256 2345 339 2396 nam
354 2321 378 2396 ii
392 2323 585 2402 obvenerit
597 2321 752 2400 secundo
767 2319 917 2420 equalis
933 2363 945 2398 ‚
970 2315 1031 2390 vel
1045 2333 1121 2384 nta-
1142 2413 1146 2420 Ι

94 2435 179 2532 jor,
204 2427 275 2530 jam
290 2425 464 2507 secundus
490 2428 562 2530 ipse
584 2431 794 2532 eritpriore
817 2423 1034 2504 illominori
1051 2433 1125 2491 ter·

90 2541 151 2614 tio
166 2537 238 2610 boc
250 2561 354 2613 novo
377 2539 435 2610 vel
450 2538 600 2636 equalis
610 2539 622 2622 3
638 2541 699 2615 vei
714 2539 857 2620 minor,
875 2535 1040 2628 adeoque
1052 2548 1127 2600 non

90 2645 268 2743 major),
294 2641 439 2720 iteratis
455 2643 698 2744 pofitionibus
712 2642 860 2722 debebit
875 2641 1018 2717 demum
1045 2656 1124 2707 cre-

89 2753 212 2830 scere,
236 2751 271 2827 ἃ
296 2749 541 2846 precedentes
568 2755 713 2828 valores
743 2751 934 2849 superare,
963 2769 1007 2823 ae
1031 2739 1125 2814 inte·

90 2881 157 2936 ree
182 2855 322 2956 poterit
348 2862 385 2937 &
408 2855 486 2934 fieri
513 2880 627 2946 zo,
648 2859 685 2936 dr
709 2855 886 2942 transire,
908 2878 951 2931 ec
980 2865 1124 2929 mutare

89 2971 255 3067 iignum.

148 3095 237 3170 5²2·
290 3073 409 3174 Quod
433 3069 459 3146 si
485 3073 703 3153 deveniatur
724 3075 771 3154 ud
785 3073 948 3148 valorem
964 3058 1127 3143 sizo,

90 3181 165 3282 jum
182 3179 378 3255 habebitur
392 3203 464 3255 una
492 3185 713 3282 aquationis
735 3180 843 3258 radix
869 3174 1000 3257 realis,
1027 3171 1128 3247 fide·

1 3285 2 3336 ἶ
90 3285 268 3362 veniatur
294 3285 341 3361 ad
353 3283 492 3384 signum
519 3289 712 3368 valorisA
736 3283 995 3365 contrarium,
1020 3279 1128 3352 inve-

1 3484 2 3492 *
94 3395 220 3470 nietur
234 3393 342 3471 radix
365 3389 551 3494 superiore
564 3399 741 3476 methodo
755 3443 767 3480 ‚
797 3389 1055 3468 iideveniatur
1082 3378 1136 3456 ud

1 3571 2 3574 ,
97 3497 273 3601 ejusmodi
300 3518 377 3577 tres
401 3502 550 3578 valores
573 3505 635 3590 A,
659 3527 817 3604 quorum
846 3495 985 3572 medius
1013 3495 1133 3568 altero

93 3611 351 3685 turrenorum
366 3606 410 3682 stt
425 3607 565 3697 minor,
579 3618 697 3690 altero
708 3637 780 3684 nnn
796 3605 935 3704 major,
959 3604 1055 3677 inter
1067 3620 1133 3674 ex·

95 3731 239 3791 eremos
265 3739 285 3792 e
311 3715 430 3791 tribus
456 3718 644 3798 valoribus
671 3716 922 3820 pofitisprox
948 3703 1133 3783 habebun-

35 3817 38 3822 ’
88 3837 162 3918 ,tur
175 3820 313 3926 semper
334 3825 394 3902 vol
404 3821 496 3902 bine
507 3819 632 3911 saitem
646 3827 787 3908 radices
798 3822 940 3904 reales,
964 3819 1024 3894 vel
1040 3812 1149 3940 bine·
1170 3847 1174 3856 ·

1044 3940 1136 3998 une·
