2842 4626
321 398 399 472 aar
502 377 1117 464 'ratuonouarutr
1242 377 1246 384 '

314 487 430 567 basis,
453 484 758 584 &finusangntu
781 510 825 560 ac
849 485 954 560 simui
972 483 1093 562 aderit
1117 478 1237 585 aliqui
1260 478 1347 585 'einr

312 589 476 671 fitadio,
495 591 597 689 quud
610 593 812 688 queritur,
834 589 1020 666 utibidem
1046 593 1345 689 tangeanaterir
1405 583 1410 602 ⁴

314 697 535 796 adjacentis.
561 699 689 796 Quare
716 697 899 772 dabuntur
921 715 997 772 tres
1012 697 1153 771 termini
1180 721 1343 796 propor-

316 800 1345 900 tioniseocanoneinduimurproindeerueturdrquar·

301 925 377 983 tus
393 907 565 984 terminus
579 954 590 990 ,
604 908 675 984 stre
689 905 823 984 funstio
837 906 970 1008 quanti
982 929 1089 984 arcus
1098 955 1110 992 ,
1124 910 1177 983 vel
1190 909 1312 1004 anguli
1327 951 1342 988 ,

314 1021 516 1115 (pernam.
527 1038 582 1088 to.
595 1011 714 1111 capu.
728 1014 909 1105 Arithm.)
922 1057 935 1096 ,
947 1011 1143 1092 dividendo
1158 1013 1341 1093 nimirum,

313 1119 339 1196 ii
355 1120 500 1220 quesita
513 1117 649 1194 fundio
660 1118 768 1197 fuerit
783 1121 817 1196 in
830 1143 903 1198 uno
916 1145 962 1198 ert
977 1119 1142 1196 terminis
1154 1117 1339 1198 extremis,

262 1309 263 1314 ,
302 1221 527 1326 ‘produdtum
545 1225 744 1302 mediorum
767 1251 830 1325 per
847 1229 1002 1304 alterum
1028 1244 1257 1323 extremum,
1280 1225 1341 1297 vel

312 1333 338 1406 fi
352 1359 393 1410 ea
406 1333 515 1408 fuerit
528 1330 563 1406 in
578 1356 652 1408 uno
666 1355 685 1404 e
701 1333 850 1416 mediis,
864 1327 1077 1434 produstum
1091 1349 1341 1424 extremorum

313 1441 544 1540 puraiterum
559 1462 578 1514 e
595 1436 746 1519 mediis.
771 1441 881 1516 &ubi
907 1435 1118 1538 logatititmi
1145 1437 1344 1512 adhibean-

315 1563 402 1628 tur,
424 1542 665 1622 substituendo
678 1545 1002 1644 multiplicationi,
1025 1541 1243 1620 aedivifioni
1271 1543 1338 1620 ad·

316 1651 517 1734 ditionem,
540 1649 895 1731 &subtitutionem
934 1647 936 1652 ’

367 1781 456 1854 ²09·
508 1757 708 1832 Secundum
722 1753 858 1859 se'tnper
870 1755 1345 1861 obtinebiturperregulasfi

313 1885 446 1962 prater
474 1860 620 1948 casum,
646 1865 772 1964 inquo
796 1869 927 1944 dentur
950 1869 1102 1944 alterum
1128 1868 1224 1940 latua
1256 1885 1345 1940 cum

313 1974 450 2069 angulo
466 1967 665 2068 uppusun,
692 1975 728 2050 &
749 1990 935 2072 queratur
948 1971 1107 2074 quodvis
1122 1995 1167 2046 ex
1190 1965 1339 2067 reliquit

312 2079 431 2154 tribus
444 2125 454 2147 .
468 2075 502 2150 is
516 2075 610 2153 euim
624 2075 868 2180 casussemper
878 2079 1069 2178 ambiguus
1082 2079 1151 2153 erit
1165 2122 1176 2158 2
1190 2079 1223 2152 dt
1239 2075 1344 2154 binae

311 2183 512 2261 solutiones
524 2181 720 2274 admittet,
739 2211 784 2262 ac
796 2183 1132 2286 quidvisereiiquir
1146 2185 1263 2260 tribue
1274 2181 1342 2263 etse

312 2290 455 2392 poterit
480 2292 540 2367 vel
565 2288 703 2389 majus,
727 2295 788 2368 vei
814 2294 930 2372 minus
945 2291 1276 2393 quadrante.Nam
1306 2289 1345 2370 iu

312 2396 507 2495 triangulis
529 2397 655 2482 BAD,
676 2395 768 2479 BAF
780 2405 801 2492 ζ
813 2401 939 2502 rigni
959 2397 1208 2498 Jrertangntir
1222 2397 1268 2472 ad
1285 2398 1345 2480 Α,

311 2525 564 2602 quamcunque
591 2503 876 2604 magnitudinem
900 2506 1058 2590 habear,
1081 2509 1177 2581 latus
1205 2503 1267 2576 ΑΒ
1294 2501 1347 2581 est
1401 2499 1403 2506 ’

309 2632 504 2686 commune
526 2608 697 2709 utrique,
721 2615 757 2692 dr
782 2616 937 2714 angulus
954 2615 1051 2691 ADB
1073 2612 1135 2714 ipit
1150 2609 1343 2709 oppositus

310 2713 347 2788 in
372 2713 490 2814 primo
516 2735 683 2816 tequatur
705 2725 841 2818 angulo
858 2721 946 2796 ΑΕΒ
971 2719 1085 2797 eidem
1108 2717 1279 2817 opposito
1305 2717 1345 2792 in

308 2819 488 2899 secundo:
517 2819 603 2898 bafis
616 2847 718 2902 auem
734 2827 813 2911 BF,
834 2830 989 2906 alterum
1003 2831 1100 2903 latur
1124 2825 1208 2907 AF,
1232 2827 1267 2902 dr
1291 2825 1345 2899 ai-

310 2943 369 3000 ter
392 2929 543 3028 angulus
557 2928 649 3002 ΑΒΕ
670 2927 883 3030 posterioris
904 2935 985 3010 sunt
1008 2935 1273 3030 complementa
1297 2928 1345 3004 ad

311 3031 552 3111 dnos-reum
578 3034 669 3112 bafia
695 3039 784 3122 BD,
809 3041 934 3118 lateris
963 3039 1067 3122 Au,
1091 3039 1214 3136 anguli
1240 3037 1343 3112 ABD

309 3137 471 3240 prioris3
493 3166 535 3216 ac
561 3143 713 3240 proinde
738 3143 764 3218 ii
789 3145 897 3221 detur
920 3151 1015 3224 latus
1030 3144 1115 3229 AB,
1136 3148 1348 3244 &angulus

308 3245 373 3347 ipsi
387 3247 602 3348 oppositus,
632 3249 666 3326 vi
682 3274 809 3328 eurum
823 3253 1104 3333 tantummodo,
1131 3251 1353 3349 ambiguum

28 3339 30 3346 Α
161 3415 165 3422 .
307 3356 399 3437 erit,
422 3373 504 3432 uter
517 3381 537 3430 e
550 3355 643 3430 binis
658 3357 728 3434 illis
743 3359 933 3459 triangulis
955 3356 1142 3434 sumendus
1157 3357 1226 3432 fit.
1250 3357 1367 3460 I'nr.¹

308 3483 354 3535 ro
368 3459 479 3536 solum
494 3461 530 3534 in
554 3462 599 3538 iis
614 3465 775 3548 casibus,
797 3465 978 3564 inquibus
1004 3467 1110 3542 detur
1133 3465 1231 3538 latus
1257 3487 1344 3540 cum

309 3568 444 3662 angulo
474 3571 646 3665 opposito
671 3569 738 3648 itta
763 3577 895 3672 regaie
920 3595 987 3648 nor
1014 3570 1211 3646 destituunt
1238 3616 1250 3650 ,
1275 3595 1343 3646 nec

309 3671 550 3746 determinant
573 3675 723 3772 speciem
747 3679 908 3778 anguli,
949 3681 1004 3752 vel
1030 3699 1135 3756 arcus
1163 3675 1303 3776 qurefiti
1328 3723 1342 3760 ,

306 3798 418 3880 quarn
445 3777 686 3864 determinant
711 3784 748 3861 in
773 3783 914 3865 ceteris
939 3784 1146 3862 omnibus..
1197 3891 1230 3964 s·
1294 3889 1303 3912 ι

313 3937 316 3946 ,
1222 3915 1232 3964 i
1246 3915 1343 3971 enlm
