2828 4634
280 383 352 476 ,ὦ
572 383 983 462 'scansuro
1323 482 1326 492 Ι

273 499 425 588 reliquis
438 493 559 597 ‚quod
574 515 655 568 curn
670 495 790 570 notlta
805 493 1017 571 definitione
1029 493 1317 600 coincidcre'tte·
1388 539 1391 546 ·

210 631 216 641 '
275 607 564 698 mononvldet·

286 785 295 804 ,
334 723 397 797 28.
452 713 483 781 Si
498 709 575 782 duo
591 703 865 781 stntvariabiles
878 707 1171 804 quantitatesita
1185 735 1320 786 conne-

273 853 330 905 κω
356 829 451 894 inter
476 812 507 888 se
523 869 531 894 ‚
547 833 589 888 ut
603 813 627 887 st
642 835 711 886 una
728 813 836 911 dupla
854 813 988 910 ‚tripla
1005 863 1015 894 ,
1031 821 1094 892 vel·
1116 837 1320 916 utcumque

275 921 894 1018 multiplexevadat,altcraetiam
912 922 1316 1019 aequcmultiplexfiatg

273 1023 1320 1126 dicitutclseprimainrationediresiasttnplicialterius.

274 1146 353 1220 Sici
371 1171 378 1210 t
396 1157 499 1212 motu
514 1131 682 1209 uniformi
699 1129 853 1229 spatium
869 1129 916 1204 est
930 1141 964 1205 in
1000 1137 1143 1211 ratione
1168 1134 1320 1235 simplici

274 1245 409 1324 diresin
437 1242 613 1337 temporis
629 1290 638 1311 .
658 1239 705 1310 At
721 1238 742 1311 st
759 1239 876 1336 prima
893 1241 926 1313 in
942 1243 1066 1315 eadem
1095 1241 1239 1316 ratione
1255 1240 1317 1315 de·
1399 1237 1408 1258 '

272 1355 427 1431 crescit,
455 1353 489 1420 in
504 1371 575 1444 qua
591 1351 705 1421 altera
720 1363 901 1438 augetur,
916 1365 1003 1420 tunc
1019 1348 1079 1422 illa
1095 1345 1161 1422 eise
1177 1348 1314 1422 dicitur

274 1469 310 1542 in
327 1460 469 1533 tatione
482 1453 649 1532 inversa,
676 1451 749 1526 stre
764 1451 951 1549 reciproca
967 1450 1066 1528 illius
1081 1505 1089 1524 .
1102 1455 1158 1529 Sic
1175 1453 1234 1528 ubi
1261 1475 1319 1526 res

273 1559 397 1664 aliqua
424 1561 459 1634 in
488 1579 612 1656 partus
627 1559 780 1656 cqualts
798 1557 977 1632 dividitur
1004 1561 1239 1635 diuistonibus
1257 1557 1312 1632 di·

273 1673 386 1746 versis
401 1721 410 1750 ‚
425 1666 640 1760 magnitudo
655 1665 813 1760 partium
826 1660 874 1736 eii
888 1665 922 1738 in
937 1665 1078 1742 ratione
1092 1665 1227 1742 inversa
1245 1688 1312 1738 nu·

275 1781 363 1854 meri
381 1772 534 1861 ipsarum
551 1771 709 1867 partiunt
726 1771 865 1870 .Qod
890 1770 912 1844 st
939 1766 1011 1844 itlae
1027 1773 1105 1849 duoe
1123 1773 1320 1848 variabiles
1393 1815 1394 1820 =

276 1885 506 1982 quantitates
533 1877 583 1955 ita
611 1875 679 1951 stnt
707 1875 863 1950 invicem
891 1901 1065 1954 connexae
1093 1927 1104 1961 ‚
1144 1881 1319 1954 utalteta

276 1989 418 2064 crescat
445 1986 481 2057 in
510 1983 633 2058 eadem
661 1981 805 2056 ratione
829 2005 900 2080 qua
918 1981 1041 2080 primae
1067 1987 1320 2083 quadratum,

276 2097 499 2170 succubus,
524 2105 586 2162 aut
602 2087 768 2186 potentia
796 2107 930 2184 quarta
946 2091 1013 2164 site.
1042 2105 1129 2164 tunc
1159 2093 1218 2168 illa
1248 2085 1314 2164 else

273 2203 416 2274 dicetur
431 2199 467 2270 in
483 2192 588 2289 hujus
607 2195 751 2268 tatione
765 2193 974 2290 duplicata,
989 2193 1201 2291 triplicata,
1215 2219 1307 2293 quat·

273 2306 481 2402 dtuplicata
496 2302 563 2378 stc.
578 2299 634 2374 Sic
649 2303 683 2375 in
697 2299 842 2398 sphaetis
867 2299 1075 2396 superficies
1088 2301 1167 2377 sunt
1191 2301 1226 2374 in
1257 2325 1319 2377 ra·

279 2413 383 2486 tione
410 2409 594 2504 duplicata
610 2407 822 2483 radiorum,
850 2409 966 2481 moles
990 2431 1083 2483 veto
1111 2408 1146 2480 in
1173 2404 1318 2482 ratione

276 2515 466 2613 triplicata
481 2511 690 2583 eorumdem
709 2559 718 2580 .
736 2514 785 2581 At
800 2508 824 2581 li
841 2508 874 2580 in
889 2512 1013 2586 eadem
1030 2514 1172 2590 ratione
1190 2515 1315 2590 decre·

271 2620 364 2701 scit,
384 2639 455 2713 qua
471 2611 637 2687 crescunt
651 2613 778 2706 primae
793 2613 974 2712 quadrata
1003 2625 1060 2693 vel
1088 2621 1168 2696 cubi
1184 2667 1196 2701 ,
1220 2620 1317 2694 dice·

276 2745 339 2800 tur
355 2721 419 2799 else
434 2721 468 2792 in
485 2715 629 2792 ratione
644 2718 750 2815 hujus
766 2719 954 2819 reciproca
971 2723 1155 2819 duplicata
1170 2745 1232 2800 aut
1250 2725 1318 2797 tri-

274 2831 426 2930 plicata.
442 2827 498 2906 Sic
514 2823 678 2920 gravitas
695 2826 959 2904 Nevvtoniana
979 2827 1026 2904 eil
1041 2831 1075 2905 in
1091 2831 1233 2908 ratione
1259 2829 1317 2904 te‘·

274 2935 427 3029 clptoca
459 2927 642 3030 duplicata
670 2931 943 3016 distantiarum,
967 2935 1053 3034 quia
1084 2937 1253 3013 decrescit
1279 2937 1319 3010 in

275 3037 400 3119 cadem
420 3037 592 3118 ratione,
618 3059 692 3132 qua
710 3037 955 3116 distantiarum
972 3041 1154 3138 quadrata
1182 3067 1321 3141 angen·

196 3181 199 3188 ·
274 3163 338 3223 tut
357 3199 367 3220 .
386 3143 533 3218 Dicitur
554 3139 696 3218 demum
723 3170 792 3220 una
817 3151 1005 3241 quantitas
1019 3148 1084 3224 else
1110 3150 1145 3223 in
1169 3151 1319 3224 tatione

272 3249 481 3348 cotnpostta
494 3250 651 3347 plurium
668 3250 945 3349 quantitatum,
973 3258 1121 3349 quando
1137 3253 1263 3331 crescit
1278 3255 1319 3329 in

272 3358 400 3432 cadem
416 3355 560 3432 ratione
571 3403 582 3438 ,
595 3380 666 3452 qua
680 3355 897 3454 produsium
908 3388 951 3434 etr
966 3361 1020 3435 lits
1032 3361 1322 3459 quantitatibus.

273 3463 333 3552 ‚Sic
349 3464 384 3538 in
403 3455 551 3536 diversis
569 3464 730 3538 motibus
759 3467 999 3540 uniformibus
1027 3467 1178 3563 spatium
1207 3468 1254 3540 eil
1278 3467 1322 3542 in

277 3569 428 3644 ratione
443 3567 645 3668 composita
670 3571 894 3652 celeritatis,
921 3573 953 3647 ἃ
982 3575 1180 3669 temporis.
1197 3577 1322 3647 Porro

276 3675 623 3774 componunturltu
649 3677 811 3750 rationes
827 3703 873 3752 ex
899 3677 1067 3760 direslis',
1094 3687 1126 3757 ἃ
1153 3681 1325 3776 recipro-

273 3781 356 3864 cis,
385 3781 455 3854 stve
479 3777 722 3880 simplicibus,
750 3781 824 3859 stve
848 3783 1068 3884 duplicatis,
1094 3786 1328 3887 triplicatis,

264 3887 525 3989 subduplicatia
541 3895 609 3966 &u
1177 3916 1240 3992 ²9·
1273 3894 1323 3972 ln
