2828 4634
305 370 846 451 detenturum.
1027 387 1100 472 1ος
1162 369 1167 378 ’

118 493 172 586 19}
226 479 266 558 Si
292 480 331 557 in
357 479 759 580 pluribus-rationibut
787 474 1020 579 geometricis
1048 481 1109 556 rel

68 587 310 678 arithmeticis
335 585 502 662 cumdem
523 586 719 662 terminum
734 585 865 664 alicubi
881 581 946 662 elie
958 585 1105 662 contin·
1172 579 1175 588 ’

66 722 124 804 gat
136 718 220 775 tum
235 695 274 768 in
285 689 614 776 antecedentibus,
638 709 715 768 tum
730 692 766 769 in
780 692 1107 792 consequentibus3

4 791 5 838 ³
66 811 188 886 cadem
202 803 279 878 etit
289 799 391 877 ratio
405 796 609 895 composita
621 797 758 874 etiamst
770 797 943 874 terminus
955 799 1014 876 ille
1027 797 1109 894 lup·

67 915 248 1014 primatur
261 955 273 978 .
288 908 463 1004 Exempla
478 905 589 981 baben
615 904 650 978 in
668 906 751 986 V&
766 906 821 988 X,
849 907 908 980 ubi
938 929 994 979 em
1009 931 1021 979 t
1036 927 1110 986 uc.

67 1023 132 1097 dte
148 1040 196 1089 :u
208 1012 290 1089 suut
304 1010 693 1110 rationee'cnmpolitte
706 1035 754 1090 ex
768 1011 886 1086 tribue
910 1009 1106 1110 superiori·

67 1117 333 1216 buasupprello
348 1119 544 1194 terminob
571 1119 608 1192 in
623 1117 767 1218 prima,
792 1119 827 1194 dt
853 1120 904 1190 bc
929 1117 965 1191 in
989 1113 1112 1194 secun·

4 1303 6 1322 q
68 1234 149 1310 da,
187 1225 289 1320 qnod
314 1223 349 1296 bi
375 1223 676 1302 antecedentibus
700 1269 713 1306 ,
747 1224 783 1298 lic
809 1219 1111 1322 consequentibus

4 1323 6 1404 l
68 1349 279 1412 communes
292 1325 535 1408 sunt.Eadem
549 1332 717 1428 exempla
731 1328 907 1406 exhibent
921 1329 1059 1406 numeri
1073 1328 1111 1404 in

68 1440 127 1520 Y,
151 1433 370 1537 Z.Qndsr
390 1435 475 1534 qnie
489 1437 538 1511 'in
562 1433 807 1513 arithmeticis
822 1459 968 1534 quoque
993 1436 1111 1512 ratin-

69 1545 174 1622 nibus
184 1547 351 1644 exempla
363 1539 539 1618 desederet
555 1589 568 1623 2
589 1543 760 1618 facillime
773 1539 881 1638 perse
896 1542 1112 1639 ponet·De·

70 1647 286 1729 tnonllratin
302 1649 438 1746 pendet
453 1673 501 1725 ex
516 1663 562 1724 e‘n
577 1649 679 1748 quod
704 1647 738 1722 in
753 1647 808 1722 hie
823 1647 960 1724 cafibue
984 1643 1112 1723 termi-

68 1783 134 1836 nus
145 1754 386 1856 supprimitur
398 1801 411 1837 ,
424 1753 487 1852 qui
501 1754 763 1855 multiplicaret
778 1753 813 1826 in
828 1751 1066 1852 geometrica,
1078 1749 1117 1830 dt

69 1878 224 1964 augeret
254 1860 292 1933 iu
305 1858 537 1937 arithmetica
565 1876 760 1960 utrumque
777 1861 969 1939 terminum
995 1859 1114 1939 ratio·

69 1970 153 2051 nis,
174 1989 291 2064 quate
313 1969 436 2044 eadem
450 1983 574 2041 manet
589 1965 688 2043 ratio
707 1975 727 2056 (
749 1982 814 2061 per
840 1971 1014 2059 numm.)
1038 1965 1114 2044 live

70 2073 270 2174 abjiciatur
281 2070 339 2145 ille
354 2073 638 2153 terminumsrve
661 2072 856 2148 inducatur
880 2073 1114 2148 iurationem

73 2173 353 2272 compositam.
375 2179 463 2254 lnde
477 2179 583 2256 etiem
596 2179 701 2256 facile
715 2177 858 2253 eruitur
882 2178 982 2276 quod
1000 2175 1116 2252 toties

73 2290 116 2362 in
134 2279 441 2379 consequentibus
455 2281 541 2358 idem
558 2284 735 2362 terminet
749 2281 981 2378 pretermitti
995 2275 1117 2379 potest

4 2431 10 2458 .
68 2385 278 2495 quotieeiu
293 2387 583 2468 antecedentibus
597 2387 796 2492 suppressus
810 2384 883 2465 est,
910 2403 951 2461 ut
972 2387 1008 2461 in
1021 2386 1115 2472 Aee

70 2493 274 2574 ubi'cumb
298 2489 399 2572 semel
413 2496 449 2570 in
466 2495 765 2575 antecedentibus
781 2510 981 2576 occurrat,
1001 2490 1058 2567 bie
1081 2490 1120 2564 in

68 2597 391 2697 consequentibns,
404 2601 439 2678 in
454 2603 511 2679 hie
526 2629 601 2679 non
616 2603 678 2680 nist
691 2605 793 2684 semel
806 2595 974 2701 supprimi
987 2593 1121 2700 potest·

105 2715 191 2782 'am
250 2707 360 2785 Ratio
387 2707 461 2784 live
484 2709 748 2808 geometrica,
786 2709 860 2784 ltve
887 2701 1121 2785 arithmetica

71 2809 333 2909 uniuscujusvie
350 2816 494 2903 termini
523 2816 574 2892 ad·
585 2819 692 2894 alium
707 2813 871 2920 quemvis
884 2810 1122 2913 componitur

72 2945 123 2996 cx
139 2917 350 2994 rationibus
366 2921 593 3000 intermediis
610 2973 622 3008 ‚
646 2951 726 3025 quc
739 2925 910 3001 oriuntur
923 2947 969 2997 ex
982 2917 1122 3018 quovit

69 3047 230 3101 numero
256 3025 496 3102 terminorum
514 3029 805 3132 interjacentium
818 3082 828 3105 .
841 3026 898 3106 Sic
924 3021 1123 3101 rationed

71 3145 247 3229 equatur
278 3131 415 3207 rationi
445 3137 658 3232 composttte
683 3161 764 3219 exa
785 3159 863 3213 tm,
885 3147 998 3232 resp,
1016 3148 1061 3229 pt
1079 3151 1126 3208 t,

71 3261 177 3317 rte,
200 3236 313 3317 eth,
339 3235 449 3312 initio
475 3237 573 3318 tacto
603 3245 702 3329 ina,
730 3245 765 3319 8<
790 3235 980 3316 defluendo
1005 3233 1043 3306 in
1064 3235 1128 3314 b,

4 3307 7 3444 l
71 3339 229 3440 sumptis
258 3342 429 3418 terminis
464 3348 689 3426 intermediis
702 3365 797 3450 quot
825 3337 1064 3420 libuerit.Sic
1087 3337 1128 3412 in

4 3447 6 3498 t
68 3444 237 3522 numeris
254 3446 358 3524 ratio
377 3452 429 3546 36
444 3478 492 3536 ta
511 3455 561 3532 ell
573 3459 672 3532 ratio
686 3451 889 3553 composta
904 3473 950 3524 ex
964 3450 1039 3541 36:
1058 3443 1130 3529 18,

74 3554 217 3634 18:¹62
247 3554 276 3628 6
304 3577 318 3628 e
356 3577 427 3637 ta,
459 3585 606 3652 resq,
636 3585 728 3654 qta
758 3547 1065 3635 ‚Demonstratio
1091 3551 1131 3626 iu

4 3657 6 3686 ³
66 3673 251 3758 promptu
275 3659 355 3744 etl,
383 3663 470 3761 qnia
500 3667 730 3764 quantitates
754 3667 822 3746 itloe
846 3661 1067 3740 intermedie
1092 3658 1132 3732 in
1188 3672 1189 3676 '

66 3765 444 3851 antecedentibus&
473 3775 781 3883 consequentibus
805 3785 1043 3874 occurrunt,
1064 3786 1130 3949 ull
