2846 4630
351 375 452 458 no·
715 367 744 444 Ε
770 363 791 450 ἱ
816 392 835 450 r
859 391 888 447 u
914 387 932 451 t
957 393 986 452 u
1011 389 1036 452 r
1061 395 1088 454 a

365 505 449 563 cum
470 473 664 576 equalium
691 501 861 557 numerus
876 506 966 581 par,
997 482 1043 559 fit
1068 479 1209 592 semper
1233 493 1419 574 trauntur

365 611 467 692 pero
482 611 503 662 a
522 589 648 663 valore
662 584 822 684 pofitiuo
838 590 883 663 ad
897 593 1138 689 negativum,
1160 599 1221 676 vei
1234 601 1415 681 vieever.

363 699 427 776 se,
453 689 514 765 ubi
529 711 652 768 nutem
666 693 820 772 habetur
833 719 1007 798 numerus
1021 723 1089 797 par
1103 703 1269 783 radicum
1288 733 1416 810 equa·

359 805 478 884 lium,
508 795 552 872 fit
564 797 745 899 regreiius
762 829 783 878 a
798 827 823 878 0
840 799 911 876 iine
926 805 1107 893 transitu,
1132 825 1174 887 at
1189 811 1290 890 inter
1303 817 1413 892 binas

361 902 508 1010 quasvis
525 908 663 984 radices
677 911 791 985 reales
807 910 1005 1009 inequales
1023 914 1217 994 necefl'ario
1247 920 1415 1000 habetur

361 1015 563 1092 maximum
586 1015 774 1112 quoddam
798 1063 820 1102 ,‚
838 1041 882 1092 ac
910 1022 1122 1122 pierumque
1149 1027 1185 1102 dt
1212 1025 1412 1104 minimum

362 1123 559 1202 exhibetur
583 1147 604 1195 a
633 1122 817 1200 radicibus
842 1123 1097 1226 imaginariis,
1126 1151 1209 1229 quae
1236 1148 1280 1210 ut
1293 1140 1410 1236 paulo

358 1233 524 1306 intimius
538 1223 688 1326 perspici
703 1227 864 1330 poiimtr
891 1233 1054 1309 notanda
1080 1235 1162 1312 sunt
1179 1237 1282 1336 prius
1306 1265 1409 1341 quu-

355 1339 438 1414 dam
463 1335 686 1434 pertinentia
711 1333 871 1440 adipson
896 1341 1039 1416 ratores
1068 1342 1245 1444 ejusmodi
1259 1345 1404 1425 formu·

361 1450 506 1523 larum.

412 1573 504 1648 447.
558 1548 743 1652 Inprimis
766 1548 967 1648 fieqnatio
983 1547 1109 1631 iitrite
1134 1557 1345 1644 ordinata,
1372 1563 1406 1637 dt

354 1657 599 1736 coefficientes
624 1655 754 1736 finitos
782 1659 914 1736 habeat
937 1705 949 1742 2
973 1659 1082 1738 unior
1105 1660 1213 1759 primi
1242 1665 1403 1745 membri

352 1789 552 1866 numquam
578 1765 723 1866 poterit
737 1767 892 1846 evadere
908 1762 1074 1844 infinitus
1104 1767 1283 1848 existente
1298 1799 1329 1848 x
1344 1797 1406 1847 va·

333 1918 336 1924 ·
356 1877 448 1951 lotia
463 1871 584 1956 finiti,
610 1873 896 1951 nutrierit:
910 1873 1186 1963 0,ve1finite,
1213 1879 1404 1978 magnitu-

353 1982 472 2057 dinis.
499 1980 869 2081 Nammequatione
895 1983 968 2059 rite
997 1981 1173 2060 ordinata
1187 1987 1310 2074 nullus
1329 2003 1404 2060 ter·

354 2089 474 2166 minus
501 2085 687 2166 dividetur
711 2111 781 2187 per
803 2087 1035 2191 incognitam
1062 2089 1161 2167 iliam
1186 2139 1199 2174 ‚
1226 2093 1397 2192 adeoque

337 2195 471 2302 quiuis
485 2195 663 2273 terminus
675 2195 847 2274 continet
871 2197 1123 2298 quantitatem
1147 2197 1343 2298 cognitam
1358 2197 1400 2272 fi·

256 2361 265 2378 .
349 2308 465 2384 nitam
496 2303 555 2379 vei
566 2325 793 2401 numquam,
821 2307 879 2382 uel
892 2307 1036 2402 aliquot
1064 2301 1401 2402 vicibuemultipii·

352 2425 474 2490 catam
488 2415 735 2510 portatorem
749 2427 796 2494 tt,
813 2409 877 2509 qui
897 2431 981 2485 eum
995 2409 1123 2489 finitus
1136 2409 1206 2496 iit,
1230 2413 1306 2490 erit
1321 2411 1416 2486 fini·

350 2535 415 2594 tus
430 2514 543 2596 etiam
569 2515 693 2618 quivit
721 2515 901 2593 terminus
920 2567 932 2603 ,
963 2517 1134 2618 adeoque
1150 2539 1399 2620 aggregatum

349 2645 503 2728 quoque
530 2625 696 2702 omnium
719 2623 866 2700 finitum
878 2623 975 2708 erit,
1002 2623 1067 2702 nid
1091 2625 1399 2725 iortepofitivis,

348 2733 600 2920 tresuegatieqiqi
618 2729 786 2818 terminia
799 2730 833 2808 se
846 2750 985 2916 mutuq
993 2729 1283 2924 destrgmffim'
1298 2757 1395 2914 eq}-

348 2857 499 2920 necae,
603 2857 780 2920 atzo.
851 2864 1063 2918 uamorem
1138 2856 1395 2918 amtrsr·

346 2947 406 3026 nia
419 2946 611 3024 vainribue
631 2975 701 3044 pro
714 2976 764 3030 x,
790 2841 900 3022 &r
920 2941 1222 3042 formole‘primi
1239 2864 1391 3024 riiembri

352 3053 514 3156 prodeat
530 3079 579 3132 ex
593 3057 713 3142 altero
731 3041 935 3146 pontivus,
961 3077 1010 3128 ea·
1024 3053 1146 3128 altero
1173 3053 1392 3154 negatignm

286 3171 290 3178 '
347 3159 448 3242 iuter
462 3165 656 3258 atrumque
675 3159 840 3232 valorem
854 3149 1072 3256 assumptum
1087 3180 1157 3257 pro
1171 3188 1211 3242 x,
1225 3160 1394 3236 eontine-

350 3269 454 3346 bitur
480 3267 589 3344 realia
602 3267 725 3365 aliqua
737 3260 1108 3365 radixequationir,
1130 3281 1205 3364 qua
1221 3265 1392 3342 nimirum

351 3373 679 3473 adtemptatum,
709 3369 773 3448 iiet
784 3370 946 3452 formula
961 3367 1163 3473 ipsa:0.
1188 3373 1394 3451 Nameue·

251 3521 257 3550 t
351 3481 486 3584 gativo
514 3477 762 3582 inpositivum
792 3485 961 3558 valorem
988 3501 1030 3557 ea
1054 3479 1214 3557 formula
1240 3476 1392 3557 tranire

190 3605 193 3612 “
349 3615 426 3672 non
441 3586 585 3686 potest,
613 3585 677 3664 nist
705 3585 865 3664 transeat
881 3592 940 3666 vel
952 3609 1019 3686 per
1032 3611 1087 3670 o,
1108 3589 1166 3668 vet
1193 3611 1260 3687 per
1275 3585 1391 3662 intini·

350 3711 430 3799 tum
445 3695 466 3778 (
474 3720 539 3795 per
555 3704 757 3791 namttt)
767 3747 778 3768 ·
790 3698 877 3774 Nou
890 3689 1009 3792 potest
1023 3713 1149 3778 autem
1163 3693 1315 3774 traniire
1326 3713 1392 3794 per

342 3793 558 3904 dqiinitnm.
583 3803 764 3887 Traniibit
778 3800 897 3906 igitur
907 3825 1040 3906 pern·
1246 3903 1388 4007 “mi
