2842 4626
319 439 408 552 ’ξος
466 475 469 482 ·
663 415 1098 520 niseum.

327 547 506 633 rionalis
494 529 592 626 mter
603 548 709 626 binas
725 551 935 626 distantias.
947 549 1078 646 Quare
1093 529 1174 625 cum
1188 548 1297 627 detur
1309 551 1365 629 ltu.

324 687 408 739 rum
424 659 549 740 ratio,
575 657 685 734 datur
700 658 799 734 ratio
824 657 935 730 etiam
951 654 1106 735 alterius
1124 683 1169 734 ex
1196 659 1251 734 his
1266 663 1311 734 ad
1325 663 1365 731 il·

318 771 398 844 lam
414 781 649 862 tangentem.
683 765 850 838 Solvitur
883 761 999 860 igitur
1024 760 1236 860 hocpasto.
1263 767 1364 838 Inter

323 875 431 950 binas
445 869 557 946 reuss
573 867 781 945 inveniatur
813 868 928 940 media
946 869 1259 993 proportionalis.
1284 869 1364 945 Fiat

324 999 370 1056 ut
383 981 457 1054 haec
472 977 518 1054 ad
533 979 686 1052 alteram
713 1001 732 1050 e
747 969 853 1050 reus
869 973 993 1054 datis,
1020 975 1073 1048 ita
1091 995 1247 1074 tangens
1262 973 1363 1052 dolls

330 1087 380 1163 ad
393 1103 562 1184 quartam
593 1083 745 1158 lineam.
772 1076 882 1156 Fauo
898 1095 1027 1156 centro
1043 1079 1078 1153 in
1094 1081 1227 1180 pensio
1253 1083 1361 1164 dato,

289 1270 290 1278 χ
324 1190 526 1268 intervallo
543 1185 648 1286 hujus
666 1212 773 1263 nota
788 1183 891 1262 resse
917 1185 1075 1262 ducatur
1089 1191 1279 1272 circulus,
1304 1188 1360 1286 qui

322 1297 492 1374 sudatum
516 1294 690 1368 circulum
719 1292 898 1374 secuerit,
924 1296 980 1364 vel
1010 1296 1239 1392 contigerit,
1269 1292 1361 1372 reus

327 1405 376 1479 ad
392 1398 581 1478 fertionem
599 1405 657 1473 vel
670 1397 877 1475 contaslum
893 1393 999 1473 dous
1014 1397 1130 1474 solvet
1147 1403 1361 1498 problema:

322 1506 461 1585 sedubi
486 1501 779 1602 punttumuatur
804 1525 911 1583 extra
936 1505 1136 1585 circulum,
1161 1507 1224 1578 niu
1240 1524 1363 1582 novus

327 1615 487 1692 circulus
502 1609 681 1694 secuerit,
697 1615 756 1688 vel
770 1609 972 1708 contigerit
985 1609 1157 1686 circulum
1171 1611 1296 1686 datum
1314 1611 1365 1684 ci·

326 1733 391 1794 tra
407 1735 648 1814 tangentem,
679 1720 738 1794 vel
752 1723 849 1794 ultra
873 1731 986 1814 prout
1001 1715 1037 1788 in
1053 1717 1292 1814 proportione
1310 1713 1365 1790 as·

328 1824 474 1923 sumpta
488 1821 598 1898 suerit
615 1823 767 1900 minore
782 1823 877 1900 datis
893 1818 1020 1904 retus,
1043 1826 1099 1898 vel
1112 1822 1248 1923 major3
1275 1830 1364 1924 pro·

326 1931 447 2006 blema
462 1927 533 2004 crit
546 1925 779 2024 impossibile

388 2035 472 2112 118.
524 2035 565 2108 ln
591 2034 728 2114 scholio
755 2033 861 2132 huius
879 2059 985 2134 prop.
1001 2036 1228 2115 notandum
1253 2035 1365 2111 ratio·

326 2168 411 2221 nem
431 2141 557 2216 circuli
571 2141 617 2216 ad
637 2141 961 2218 circumferentiam
977 2145 1095 2218 multo
1112 2145 1206 2216 ultra
1223 2163 1365 2238 protre-

327 2246 424 2324 ftam
438 2243 504 2324 esse
517 2271 632 2345 nuper
646 2249 691 2324 ab
710 2249 841 2324 Eulcro
856 2273 926 2344 ope
942 2246 1040 2324 seriei
1055 2247 1235 2346 cujusdam
1251 2247 1362 2326 maxi·

326 2353 387 2430 me
401 2353 686 2451 convergentis‚
714 2351 880 2450 usquead
893 2373 1002 2432 notas
1026 2355 1278 2430 arithmeticas
1298 2375 1365 2453 137

325 2461 368 2560 in
388 2460 704 2536 introductionem
718 2457 899 2556 Aralyfinr
915 2458 1166 2555 infinitorum.
1235 2529 1239 2536 .

388 2589 494 2666 1¹9··
528 2563 588 2637 Ad
615 2587 776 2665 prop.14
801 2580 955 2643 notetur
977 2565 1114 2665 figuras
1142 2566 1274 2645 similes
1298 2564 1366 2643 dici

327 2695 421 2754 cas,
449 2693 605 2770 quarum
620 2672 741 2770 anguli
754 2693 881 2748 omnes
900 2671 1167 2772 aqualessom,
1194 2699 1237 2750 ac
1255 2679 1368 2750 latera

328 2780 430 2854 circa
456 2781 612 2876 angulos
634 2777 789 2877 equales
815 2781 1136 2902 proportionalia.
1168 2779 1224 2854 Est
1246 2793 1368 2858 esrum

325 2881 474 2980 insignis
489 2883 700 2982 proprietas
717 2881 817 2960 haec.
844 2883 896 2960 li
886 2907 923 2960 m
936 2885 1029 2963 binis
1052 2885 1180 2987 liguris
1193 2888 1365 2964 similibus

326 2987 458 3064 chlois
484 2986 825 3090 penuisperlmeui
850 2987 1222 3093 correspondenubus
1229 2997 1366 3072 duran

319 3091 418 3170 ἰιι
408 3121 443 3168 ιιι
459 3093 578 3170 iisdem
593 3095 735 3195 angulis
748 3097 795 3171 ad
807 3099 924 3175 latera
939 3099 1142 3200 homologa
1158 3099 1265 3178 resto
1282 3127 1367 3202 pro·

323 3197 560 3300 portionales
575 3203 655 3328 ipsis
669 3201 870 3284 lateribus,
891 3221 968 3282 tum
980 3209 1025 3284 ab
1041 3206 1169 3284 harum
1191 3205 1371 3289 extremis

325 3307 431 3386 reue
443 3310 584 3407 quavis
599 3311 634 3385 in
650 3304 770 3383 iisdem
784 3309 926 3407 angulis
941 3337 1022 3389 cum
1037 3313 1081 3390 iis
1094 3314 1204 3414 ipsrs·
1192 3365 1204 3405 ,
1231 3340 1285 3392 eae
1299 3333 1370 3391 ter·

326 3417 564 3492 minabuntur
585 3419 631 3493 ad
645 3411 774 3515 ponus
790 3417 930 3516 pariter
941 3418 1265 3519 correspondenoa
1279 3427 1372 3498 late·

329 3547 410 3595 rum
425 3521 735 3636 homologorum,
749 3523 937 3606 riserunt,
963 3541 1004 3601 ut
1017 3527 1089 3626 ipsa
1106 3531 1221 3604 latera
1239 3529 1369 3605 homo·

326 3627 455 3722 loga,
473 3631 575 3726 quod
604 3629 709 3708 facile
735 3625 1005 3708 demonstratur
1028 3659 1100 3734 ope
1123 3631 1369 3712 similitudinis

331 3730 629 3826 triangulorum.

313 3934 319 3940 „
388 3855 471 3914 120.
523 3837 618 3918 Hinc
633 3839 657 3918 ss
671 3866 692 3919 e
706 3840 796 3988 dato
807 3839 944 4006 Ι[ιιιιιὸὶιι
959 3843 1004 3930 ad
1022 3845 1260 3950 perimetrum
1273 3846 1370 3946 figu-

371 3989 374 3995 ·
1319 3975 1370 4030 ras
