2840 4636
292 319 373 420 oa
630 317 1009 412 Eurururu

294 423 484 514 asecuudo
497 472 509 508 ‚
521 421 855 504 secundusatertio
867 419 1108 508 ‚differentia
1120 426 1298 506 valorum
1316 452 1349 505 r
1368 513 1372 518 ,

295 547 333 619 in
351 535 468 638 prima
481 532 657 632 pofirione
671 551 778 610 erunt
799 556 819 607 2
837 555 942 618 ‚ece
963 539 1144 632 equales,
1163 531 1344 613 differen-

299 653 361 725 tiae
376 665 465 718 vero
482 641 648 718 valorum
664 639 838 717 oderunt
856 641 933 735 38,
968 644 1039 736 158
1056 642 1146 718 adeo
1167 641 1341 740 inae'qua·

294 761 374 834 les,
400 745 676 845 &inequalitas
688 750 805 822 multo
817 751 929 823 etiam
945 747 1067 847 major
1078 745 1338 846 potuiffetob·

295 857 421 939 venire
431 854 479 939 ,fi
494 851 692 954 politiones
705 853 828 952 prime
839 851 982 930 fuissent
992 856 1214 930 remotiores
1229 881 1250 929 a
1264 881 1335 930 ve·

297 995 343 1045 ro
359 965 511 1040 valore.
542 959 595 1032 At
620 961 655 1033 in
670 958 849 1060 postrema
874 961 1055 1060 pofitione
1084 959 1362 1038 differentiae

297 1087 407 1150 erunt
436 1095 483 1144 ο.
509 1087 582 1164 ος,
606 1089 716 1164 o.o5
743 1067 882 1167 pariter
907 1070 1092 1164 equales,
1120 1065 1338 1144 differentior

296 1203 391 1258 vero
417 1177 589 1251 valorum
605 1173 662 1252 «Α
683 1190 791 1251 eruut
813 1175 1053 1272 1.848875‚
1085 1199 1097 1248 1
1117 1225 1127 1250 .
1147 1196 1336 1274 9²0¹²5⁸

298 1349 380 1428 que
395 1319 440 1400 ab
455 1319 665 1422 equalitate
677 1317 745 1398 vix
764 1319 894 1399 distant
905 1303 942 1450 ἐς·
957 1316 1005 1392 sui
1017 1335 1125 1420 parte
1140 1373 1150 1397 .
1163 1325 1339 1422 Qamo·

296 1475 402 1548 brem
422 1467 482 1542 hic
503 1468 575 1566 jam
589 1466 642 1542 uti
670 1465 936 1566 iicebitregula
947 1463 1100 1562 duplicis
1124 1465 1219 1540 farsae
1231 1463 1333 1564 posu·

295 1576 411 1654 tionis
424 1571 590 1670 exposita
603 1596 808 1674 nurum,
829 1597 902 1674 que
923 1575 1038 1648 multo
1061 1570 1167 1648 citius
1193 1573 1240 1646 ad
1260 1597 1332 1650 re·

295 1705 378 1760 rum
394 1681 560 1755 valorem
572 1683 768 1760 accedetur
782 1713 793 1759 .·

340 1785 442 1888 ¹5¹3·
494 1785 564 1861 Sed
588 1786 625 1862 in
639 1789 841 1868 adhibenda
866 1787 998 1889 duplici
1026 1783 1335 1887 salaputium,

296 1921 343 1973 ne
369 1892 531 1970 calculus
557 1892 775 1976 frastiouum
806 1899 886 1997 plus
910 1921 1016 1994 equo
1042 1893 1226 1972 excrescat
1257 1891 1333 1968 fine

298 1997 421 2080 freda
434 2056 446 2091 ,
459 1995 546 2074 iotis
556 2003 629 2078 erit
644 2002 680 2078 in
694 2004 884 2083 valoribus
902 2005 961 2080 :A
971 2001 1126 2078 retinere
1143 2027 1162 2076 e
1180 1987 1332 2076 frauiol

297 2107 406 2185 nibus
421 2105 677 2196 decimalibus,
693 2132 800 2186 unam
812 2157 823 2192 ,
836 2125 901 2185 eut
916 2112 1070 2186 alteram
1082 2113 1180 2185 ultra
1192 2131 1273 2183 eum
1284 2105 1333 2178 li·

297 2216 439 2296 mitem,
451 2208 547 2292 intra
562 2239 669 2314 quem
682 2215 961 2318 precedentium
976 2215 1086 2290 trium
1101 2215 1329 2318 poitiouum

298 2317 514 2398 differentie
525 2345 630 2398 erant
643 2321 741 2400 inter
753 2321 1115 2425 seproportionalee,
1127 2321 1188 2420 qui
1204 2323 1328 2397 limes,

297 2429 360 2504 ubi
390 2427 557 2501 valorum
571 2451 597 2500 x
612 2427 822 2508 differendo
837 2427 919 2504 sont
940 2435 1096 2528 equales
1121 2430 1216 2502 inter
1230 2425 1262 2505 ie
1276 2425 1333 2500 fa·

297 2535 366 2610 cilc
377 2531 499 2631 primo
509 2531 648 2611 intuitu
660 2529 929 2637 perspicitunut
940 2534 1012 2619 hie,
1022 2537 1081 2611 ubi
1095 2532 1331 2612 existentibus
1348 2537 1363 2556 '

297 2637 512 2716 differentiis
525 2663 549 2716 re
561 2639 597 2714 in
611 2641 791 2741 postrema
804 2641 982 2744 politione
994 2641 1213 2740 equalibus,
1226 2635 1330 2715 diue-

296 2745 1332 2847 rentimvalorumAemutintersefereequalesinprio·
1388 2791 1397 2806 ·

295 2853 399 2928 uibus
412 2848 507 2927 binis
519 2852 621 2930 notis
646 2877 658 2930 r
675 2908 686 2932 .
702 2858 752 2940 8,
786 2881 799 2931 1
817 2911 827 2932 .
843 2883 892 2954 93
919 2857 1136 2954 generaliter
1148 2879 1239 2930 vero
1263 2853 1325 2926 de-

294 2955 480 3060 prehendi.
494 2957 754 3056 potestiadbis·‚
783 2983 824 3037 ut
838 2965 942 3055 prior
967 2988 987 3038 e
1010 2957 1220 3038 differentiis
1233 2980 1259 3034 x
1280 2955 1353 3041 ad.

294 3061 556 3168 posteriorem,
571 3066 623 3144 ite
635 3069 770 3168 priore
784 3065 996 3164 differentiis
1012 3067 1070 3147 ui
1075 3069 1122 3143 ad
1137 3070 1299 3144 valorem
1314 3111 1328 3148 ‚

294 3171 359 3272 qui
376 3171 533 3247 collatus
546 3197 628 3249 cum
654 3173 853 3275 posteriore
866 3169 1068 3266 differentia
1092 3179 1257 3250 valorum
1271 3167 1336 3248 <A
1352 3229 1354 3234 -

293 3275 483 3357 exhibebit
495 3277 646 3355 limitem
661 3279 871 3381 qualidum,
895 3281 1066 3355 nimirum
1079 3305 1186 3361 eum,
1212 3276 1323 3376 usque

294 3383 463 3483 adquem
477 3384 503 3457 ii
523 3383 597 3460 bini
612 3391 759 3481 veloces
773 3389 870 3462 inter
892 3385 925 3460 se
940 3387 1067 3464 collati
1094 3399 1328 3484 congruent.·

295 3491 365 3564 Sed
377 3491 449 3588 jam
470 3493 898 3589 exempbsillustrabitur
922 3493 1140 3570 methodus.
1170 3495 1211 3565 lo
1226 3488 1329 3567 resti·
1361 3584 1366 3594 Ι

292 3597 435 3698 ¹tuendo
450 3597 540 3672 verb
555 3602 722 3684 calculo,
750 3602 809 3678 ubi
826 3591 1018 3676 substituto
1045 3603 1170 3676 valore
1185 3625 1288 3676 novo
1300 3622 1328 3669 x

293 3697 481 3780 invenitur
496 3707 738 3788 valoruouue
753 3707 811 3788 vd
819 3755 832 3796 ‚
852 3705 943 3796 sutis,
952 3709 1025 3784 erit
1037 3701 1207 3785 adnuere
1221 3704 1323 3808 prio·

1263 3827 1323 3884 res
