2828 4634
301 347 360 432 1ο
582 339 1016 444 demutatur
1073 367 1084 376 ·’

300 451 379 558 guli
394 447 603 554 acciperent
616 472 785 526 nummos
802 471 875 546 52,
903 455 938 528 dr
967 445 1234 548 pretereunda
1261 466 1353 550 para,

297 579 359 638 tes
371 557 567 661 ejusmodi,
594 559 758 654 qualium
772 557 806 630 in
823 555 970 653 singulis
986 557 1141 629 nummis
1159 556 1231 654 835
1257 582 1345 632 con·

297 670 467 748 timentur
493 715 503 740 .
532 662 676 738 Poteris
692 663 802 740 etiam
831 659 1041 736 divilionem
1071 661 1344 760 promoveresr

297 773 485 877 postremo
503 767 644 845 residuo
658 769 838 872 cyphram
854 768 1003 868 adijcias
1018 765 1152 866 puniio
1180 770 1345 866 interpo.

296 883 395 962 lito,
421 867 698 954 ut'uoitateead
722 875 880 952 decimae
909 891 1034 974 partes
1062 875 1216 950 unitatis
1250 874 1345 950 redi·

295 1004 459 1088 gantur3
484 1006 567 1061 nam
580 979 604 1056 sl
616 978 751 1082 pundo
766 973 852 1058 item
867 980 1085 1080 interposito
1099 1000 1219 1082 quoto
1231 997 1343 1056 notas

293 1091 603 1188 nolentemque
627 1087 796 1188 deinceps
821 1087 1026 1182 obveniunt
1051 1133 1063 1170 ‚
1089 1112 1137 1164 ex
1167 1088 1343 1163 divifione
1388 1159 1391 1166 ,

295 1207 319 1290 (
336 1221 445 1299 quam
459 1219 656 1298 peronnae
670 1193 814 1273 subinde
829 1193 989 1302 cyphraa
1008 1193 1156 1270 residuis
1184 1191 1342 1292 adjectas

293 1304 513 1386 continuare
526 1302 668 1401 peteris
684 1320 724 1380 ut
741 1301 917 1392 libuerit)
933 1299 1082 1375 habebis
1111 1319 1235 1396 partes
1264 1297 1343 1374 uni·

289 1409 383 1488 latis
400 1409 587 1490 decimas,
610 1409 847 1494 centesimae,
875 1401 1075 1482 millelimae
1099 1406 1168 1481 dre.
1183 1406 1342 1505 integris

291 1516 398 1598 notin
413 1515 621 1599 addendas,
643 1515 767 1591 eadem
785 1512 934 1615 prorsus
950 1511 1153 1594 methodo,
1176 1537 1248 1608 qua
1268 1537 1343 1588 oo·

290 1639 343 1702 ιω
367 1623 520 1724 integra
542 1619 818 1725 intentarunt,
842 1635 883 1697 ut
909 1617 1032 1696 videre
1049 1613 1098 1694 est
1116 1617 1151 1688 in
1169 1615 1309 1712 Emr4⁰
1333 1665 1345 1690 .

287 1729 497 1829 continget
511 1725 696 1804 interdum
715 1743 757 1805 ut
770 1727 815 1804 ad
840 1723 1006 1801 ultimum
1034 1721 1216 1800 divisionis
1247 1725 1343 1798 limi·

286 1839 368 1916 'tem
384 1837 456 1912 hoc
471 1831 581 1936 pauo,
594 1834 808 1936 pertingas,
833 1837 1047 1932 plerumque
1064 1849 1181 1906 tamen
1201 1826 1266 1905 liet
1299 1845 1342 1905 ut

287 1942 328 2022 in
346 1941 471 2018 seriem
487 1941 626 2018 incidas
642 1943 833 2021 abeuntem
848 1941 883 2014 in
898 1937 1082 2013 inlinitum
1098 1983 1108 2016 2
1137 1933 1242 2034 cujus
1268 1955 1343 2012 ter·

287 2045 378 2126 mini
397 2046 508 2126 serius
534 2049 639 2124 ocius
666 2049 775 2126 iidem
799 2037 973 2126 redeam
999 2065 1195 2140 numquam
1215 2062 1340 2118 tameo

288 2150 417 2236 fetida,
431 2178 541 2254 quam
558 2154 637 2254 post
653 2156 810 2242 totidem
829 2151 1005 2232 terminos
1022 2197 1032 2226 2
1047 2169 1140 2250 quot
1159 2147 1269 2224 habet
1286 2148 1339 2224 di·

285 2259 389 2342 ‘visor
402 2261 564 2342 unitates
576 2264 654 2338 .·ln
667 2263 741 2341 hoc
755 2260 835 2338 casu
851 2257 1072 2360 producitur
1088 2253 1215 2332 diviiio
1232 2307 1245 2340 ,
1273 2257 1341 2332 do·

281 2395 355 2448 uec
370 2371 478 2447 valor
492 2369 710 2444 obtineatur
726 2387 803 2444 tam
820 2391 911 2444 vero
927 2364 1134 2464 proximus,
1151 2381 1340 2462 quantum

285 2473 440 2579 quaestio
457 2521 469 2560 ‚
492 2474 621 2571 dequa
636 2475 787 2570 agitur,
816 2469 1007 2570 requiret.

342 2604 407 2679 30.
460 2579 556 2653 Cum
585 2579 726 2653 numeri
763 2575 951 2673 longiores
974 2574 1079 2660 lunt,
1105 2573 1338 2652 omuiediffi·

282 2687 407 2764 tultae
421 2687 457 2760 irr
471 2711 517 2762 eo
533 2682 600 2758 itta
615 2680 665 2758 est
678 2729 690 2766 ,
703 2683 805 2782 quod
820 2708 894 2758 uon
909 2679 995 2758 satia
1011 2699 1138 2781 pateat
1155 2685 1338 2782 ,quoties

282 2792 425 2866 divisor
446 2791 483 2866 io
510 2787 697 2888 ailumptie
728 2785 911 2866 dividendi
943 2789 1042 2868 notis
1072 2788 1339 2867 contineatur.

279 2897 364 2989 Qui
389 2893 474 2972 satia
488 2894 600 2974 fucrit
621 2894 656 2971 in
672 2892 843 2996 ejusmodi
860 2895 1009 2971 calculis
1025 2897 1253 2973 exercitatus
1283 2897 1338 2974 fa·

280 3001 355 3078 tile
369 3001 509 3079 videbit
529 3027 578 3080 ex
598 3003 722 3103 primia
738 2999 821 3104 ipsis
850 3000 1038 3104 utriusque
1052 3001 1191 3082 numeri
1206 3006 1337 3088 notis,

279 3107 828 3210 ¹quotierunussumendualit,
857 3125 900 3184 ut
925 3109 1045 3194 altero
1077 3107 1334 3208 liatproximd

280 3217 429 3310 minor3
450 3235 489 3294 at
514 3216 577 3316 qui
605 3216 666 3294 usu
681 3231 805 3294 careat
826 3211 932 3292 facild
951 3215 988 3292 io
1015 3237 1061 3292 eo
1090 3215 1333 3314 decipietur.

277 3323 415 3404 fructus
433 3323 589 3404 incedet,
601 3322 626 3398 li
640 3321 855 3402 divifioncm
871 3318 1102 3422 aggrell'urus
1114 3347 1193 3399 eam
1209 3325 1337 3422 priua,

276 3433 392 3531 ‘quam
406 3427 535 3506 icalam
550 3448 688 3507 vocant
701 3478 713 3516 ‚
728 3430 789 3508 libi
804 3428 1029 3510 confecerit.
1057 3423 1208 3504 Divisor
1226 3456 1334 3508 nem-

275 3557 327 3636 pe
340 3559 405 3633 per
419 3559 589 3613 numeros
604 3563 731 3616 omnes
746 3540 791 3614 ab
814 3561 827 3614 ι
845 3537 892 3636 ad
906 3560 929 3634 9
945 3531 1248 3634 multiplicandus
1263 3539 1346 3622 elb.

278 3641 477 3742 omnesque
489 3641 658 3744 produili
672 3649 720 3728 'ex
735 3669 778 3722 ea
795 3641 1101 3740 multiplicatione
1112 3644 1258 3728 numeri
1277 3642 1335 3719 di·

279 3745 388 3832 tisoni
403 3771 450 3830 ex
463 3745 592 3832 ordine
603 3749 827 3860 subjiciendi,
842 3764 883 3828 ut
898 3747 937 3830 in
947 3749 1086 3848 Εκαᾼ,ο
1107 3745 1246 3830 facium
1260 3747 1328 3846 est;

1251 3857 1335 3938 hoe
