2840 4636
391 319 749 403 enesaunt
1008 313 1080 390 effi

54 427 213 510 fetentia
227 449 320 505 vero
343 449 363 502 e
388 425 619 504 subdustione
647 428 751 502 unius
767 421 910 501 termini
928 425 971 502 ab
987 425 1088 511 alio;

54 541 191 616 summa
204 531 424 633 exprimitur
447 532 550 630 ligno
563 535 612 632 -l-
627 529 814 631 interjetin
828 531 919 604 binis
942 527 1088 630 quibus·

57 647 118 720 vis
140 637 437 742 quantitatibus,
462 637 665 716 differentia
680 640 869 738 tigno—u
895 641 1087 714 Problema

58 745 253 846 hocpatto
265 741 478 822 enuntietur
490 745 650 824 sermone
665 743 807 842 uulgari
821 747 982 842 .Qureto
994 743 1089 820 duos

61 877 263 935 numeros,
288 873 446 950 quorum
471 850 607 930 summa
636 851 681 926 stt
714 877 783 932 to,
808 847 1010 928 differentia
1035 871 1087 943 4:

60 974 169 1064 patet
188 960 282 1034 idem
303 956 508 1056 algebraiti
533 956 717 1034 enunciari
731 1001 733 1012 =
747 961 817 1034 lroc
834 957 941 1057 pasto
956 986 982 1030 κ
1004 955 1090 1052 «1-7

63 1090 118 1148 z
137 1089 200 1146 ro,
224 1079 475 1162 aee-524.
499 1065 622 1163 Atque
650 1066 776 1141 eodem
802 1067 915 1142 modo
946 1058 1093 1158 expres·

64 1177 182 1250 tiones
198 1171 447 1268 potentiarum
462 1215 475 1252 ,
500 1171 534 1245 dr
549 1169 709 1246 radicum
724 1216 736 1253 ,
760 1169 925 1271 produdti
940 1193 988 1248 ex
1003 1167 1095 1240 mul-

6 1360 8 1369 *
65 1275 325 1377 tiplicatione,
350 1277 408 1352 vel
434 1275 632 1357 divisione,
655 1279 690 1352 dt
713 1278 782 1354 alia
799 1275 995 1377 ejusmodi,
1013 1295 1095 1372 qute

65 1379 191 1479 inipsa
204 1379 499 1457 denominatione
520 1378 699 1464 diximus,
725 1385 932 1482 algebraico
958 1379 1096 1458 sermo·

66 1489 105 1568 ni
123 1488 327 1566 exercendo
340 1485 528 1563 necessaria
540 1487 642 1568 sunt.

123 1615 211 1688 541.
265 1597 323 1668 Ad
347 1591 562 1670 solutionem
577 1595 842 1689 problematum
858 1595 1007 1674 omuino
1034 1593 1106 1668 nel*
1229 1621 1234 1632 ·

71 1697 259 1775 cellarium
282 1697 354 1781 eti,
375 1715 417 1774 ut
433 1701 478 1776 ad
493 1697 971 1796 equationtsdereniatur,
997 1693 1102 1798 quod

73 1811 289 1906 plerumque
312 1805 420 1881 etiam
438 1806 474 1881 in
496 1805 764 1884 theorematum
792 1805 1100 1908 demonstrastiooe

77 1909 291 2010 contingit,
316 1912 371 1988 Ac
385 1911 482 1998 sere,
505 1913 569 1988 ubi
585 1909 950 2011 adequationesrite
964 1912 1099 1984 deuen-

74 2027 157 2092 tum
180 2013 251 2098 eu,
275 2013 393 2094 seseli
420 2013 603 2115 perfetta.
628 2024 672 2095 Et
687 2017 829 2115 quidem
855 2019 891 2091 in
917 2014 1103 2114 superiore

72 2123 246 2224 exemplo
260 2119 332 2220 ipsa
347 2123 586 2220 problematis
599 2121 852 2204 enuntiatione
868 2123 913 2200 ad
925 2119 1104 2218 equatio·

72 2255 157 2306 nem
172 2225 221 2332 eli
247 2227 443 2306 deventum
459 2279 471 2314 ,
494 2232 595 2330 quod
616 2229 749 2329 semper
765 2229 950 2330 contingit
965 2227 1000 2302 in
1015 2245 1102 2326 pto·

16 2363 21 2374 ·
75 2332 245 2422 blematie
261 2335 478 2420 numericis,
503 2339 561 2414 ubi
578 2339 766 2438 equalitas
779 2333 852 2412 sola
867 2333 1103 2436 investigetur

76 2439 292 2540 querentis.
314 2445 366 2516 At
379 2439 468 2540 sepe
485 2443 644 2520 artificio
660 2445 783 2540 aliquo
799 2465 893 2539 opus
904 2439 952 2518 ett
963 2490 976 2526 ,
1002 2457 1043 2516 ut
1058 2435 1105 2513 ad
1170 2467 1175 2479 ·

76 2545 321 2645 aquationem
342 2547 580 2638 deveniatur,
604 2552 705 2650 quod
718 2549 753 2622 in
766 2549 971 2649 geometria
995 2539 1108 2647 potis·

77 2653 203 2729 limum
219 2655 435 2755 contingit,
461 2656 520 2731 ubi
549 2682 570 2732 a
601 2658 772 2736 linearum
789 2655 969 2756 positione
995 2645 1106 2754 potis·

79 2759 205 2836 sumum
221 2785 278 2838 res
293 2763 437 2860 pendet,
449 2765 482 2837 u
496 2762 763 2862 triangulorum
777 2763 1115 2859 smilitudo,eequa·¹

80 2866 167 2940 litas
177 2867 349 2966 quadrati
364 2867 456 2946 basus
471 2893 551 2944 rum
565 2869 757 2970 quadratis
771 2871 925 2948 laterum
940 2870 976 2943 in
993 2866 1110 2942 teian-¹

79 2974 174 3072 gulo
200 2971 436 3074 retiangulo,
460 2993 571 3078 atque
585 2979 655 3056 alia
680 2975 851 3078 ejusmodi
866 2977 901 3052 in
920 2973 1112 3064 sublidium
1186 3015 1188 3020 ·

82 3095 296 3164 vocantur,
321 3083 356 3158 de
371 3077 497 3158 eorum
512 3109 582 3185 ope
597 3085 642 3162 ad
657 3085 882 3185 aquationes
896 3082 1110 3160 devenitur.
1148 3159 1149 3164 ,

80 3183 157 3258 Pro
170 3187 363 3264 numericis
377 3191 636 3284 problematis,
663 3197 719 3268 vel
733 3190 971 3269 theorematis
992 3183 1114 3290 prose·
1180 3275 1187 3290 ο
1216 3257 1218 3264 .

1 3349 2 3404 t
81 3311 205 3366 remus
219 3296 320 3372 casus
333 3293 533 3404 quosdam,
559 3299 620 3396 qui
635 3283 862 3398 frequentius
886 3296 1115 3374 occurrant.⁴

1 3407 2 3471 ζ
140 3423 228 3497 54²·
244 3406 250 3418 '
266 3393 315 3475 ‘sl
345 3401 441 3478 inter
454 3403 687 3482 conditiones
711 3383 1114 3506 proprisrtaslrabeatur

1 3567 2 3577 ,
83 3501 176 3602 illud
188 3553 199 3590 ,
210 3523 264 3582 ut
278 3511 600 3606 quatuor'termini
612 3509 678 3606 stnt
690 3511 787 3590 inter
802 3509 834 3588 se
851 3507 1118 3610 proportiona-

86 3607 164 3702 les;
183 3613 267 3687 inde
289 3611 408 3692 statim
423 3618 564 3720 eruitur
578 3617 742 3718 equatio
767 3617 935 3695 faciendo
949 3614 1120 3691 nimitum

87 3717 308 3817 produttum
335 3739 589 3806 extremorum
617 3727 755 3826 aequale
781 3721 1120 3832 produtiomedio·

1024 3861 1120 3918 rum.
