2840 4636
999 287 1012 339 l

290 461 299 470 η
390 366 739 442 Attente.
1002 369 1103 445 adr·

44 467 245 570 habeantur
268 467 411 550 radices
433 477 612 573 aequales,
645 499 691 548 an
708 468 837 556 unica,
865 467 939 546 live
951 494 996 546 an
1024 477 1073 549 ibi

42 581 182 678 exigue
197 573 412 656 differentitc
437 581 603 656 formulae
618 576 831 656 differentiis
851 601 877 655 x
900 577 1073 677 proximi
1125 585 1128 596 '

40 685 340 786 proportionales
363 687 458 770 lint,
483 713 528 763 an
543 687 669 766 secus.

94 785 193 888 ·513·'
235 796 357 870 Porto
382 792 562 894 generalis
576 795 797 876 methodus,
824 813 899 894 qua
916 791 961 867 ad
972 791 1077 868 radi-¹

43 922 105 975 ces
119 915 222 976 certo
235 899 434 978 accedatur
446 905 543 978 uuila
565 903 709 988 adhuc,
737 898 1072 1002 quodscitmusin·

40 1023 151 1081 venta
164 1005 236 1080 est:
254 1025 294 1081 at
306 1010 428 1104 plures
441 1007 544 1086 falsae
556 1009 757 1108 politiones
771 1004 1012 1088 instituendo,
1026 1033 1070 1085 ac

41 1111 247 1186 adhibendo
272 1112 376 1190 binae
390 1113 549 1214 quasque
561 1120 673 1214 paulo
696 1117 803 1191 aliter
825 1139 867 1190 ac
883 1115 1072 1213 superius,

41 1217 116 1295 fere
130 1215 268 1318 semper
280 1218 459 1296 intentum
476 1220 706 1300 obtinebitur
717 1224 882 1304 demum,
895 1245 937 1296 ac
950 1219 1070 1298 omni·

41 1351 92 1402 no
104 1322 261 1422 semper,
289 1327 348 1402 vel
361 1328 407 1402 ad
421 1327 579 1403 radicem
593 1330 725 1406 realem
747 1328 946 1406 solitariam
961 1328 1070 1404 deve·

38 1433 186 1510 aletur,
210 1432 268 1507 vei
281 1432 328 1508 ad
342 1435 465 1534 piures
478 1437 593 1510 reales
612 1439 793 1534 aequales,
815 1436 874 1511 vel
887 1432 1071 1509 incidetur

40 1539 80 1614 in
95 1538 195 1614 binas
208 1535 330 1614 saltem
343 1539 484 1621 radicet
508 1540 767 1640 imaginariae.
789 1538 861 1613 Ubi
877 1539 1072 1614 veroinci-

40 1646 128 1721 dent
152 1645 292 1722 radices
306 1647 419 1724 realta
443 1645 638 1729 solitarie,
659 1646 840 1724 iatiecito
870 1645 996 1721 deinde
1010 1669 1073 1721 ar-

39 1753 190 1829 cedatur
203 1751 249 1829 ad
261 1777 323 1830 eae
337 1757 455 1834 multo
467 1752 586 1852 magia
597 1752 777 1830 methodo
790 1751 971 1846 superiore
984 1781 994 1828 ι
1009 1751 1073 1828 ubi

39 1861 163 1960 plures
178 1861 331 1954 equales
344 1859 593 1946 obvenerint,
612 1858 746 1938 lentius
759 1854 931 1956 quidem,
952 1856 1073 1934 adhuc

41 1983 164 2044 tamen
182 1964 435 2055 trininitate,
459 1968 484 2044 st
507 1966 642 2050 libeat,
664 1963 857 2044 accedetur
867 1960 914 2036 ad
927 1987 988 2062 ees
1001 1959 1076 2042 hac

44 2071 248 2160 methodo,
273 2095 384 2174 quam
398 2072 459 2152 hic
474 2072 648 2152 tradituri
662 2069 806 2156 sumus,
827 2067 1073 2145 eaanimirum

36 2178 256 2260 includendo
281 2182 459 2260 limitibus
480 2179 716 2282 quibusdam,
743 2179 780 2260 δι
814 2171 950 2251 limites
975 2171 1072 2274 ipsos
1105 2177 1107 2180 ’

11 2351 13 2364 .
36 2282 214 2366 ariiando
236 2289 375 2406 semper
388 2289 531 2391 magis.

92 2411 182 2492 5¹4.
235 2397 366 2474 Politia
388 2399 486 2474 binis
503 2397 690 2478 velocibus
705 2421 774 2496 pro
796 2410 845 2480 tt,
870 2385 1072 2466 obvenient

37 2497 115 2576 bini
133 2504 278 2580 valores
304 2505 494 2584 formuie.
519 2505 553 2580 Si
569 2506 633 2605 ipli
651 2502 848 2582 habuerint
861 2497 958 2597 ligna
982 2521 1072 2572 con·

32 2601 177 2692 traria,
203 2609 378 2689 existente
404 2616 522 2691 altero
548 2611 711 2711 positivo
725 2613 845 2688 altero
868 2603 1073 2702 negativo,

35 2713 235 2793 necelierio
263 2719 358 2795 inter
371 2718 479 2798 binos
494 2722 643 2797 valorca
667 2717 808 2817 positos
821 2711 1073 2793 continebitur

34 2821 282 2922 radixaliqua
305 2824 978 2925 realiattquationiajunctarum-442·
1002 2822 1073 2894 Po·
1191 2905 1198 2915 ,

33 2945 152 3006 natur
162 2953 234 3028 pru
244 2956 272 3008 ae
282 2935 388 3008 valor
402 2933 541 3010 medius
557 2927 791 3011 arithmetice
804 2926 1070 3030 proportiona-

31 3035 81 3112 iie
96 3033 194 3112 inter
205 3034 315 3116 binos
328 3037 498 3138 politos,
525 3043 561 3120 8(
581 3038 757 3118 obveniet
768 3035 1074 3114 valorformuue,

33 3140 143 3240 cuius
156 3142 296 3241 lignum
308 3141 696 3246 congruetneeeii'ario
709 3143 792 3221 ciam
805 3145 907 3244 signo
921 3137 1073 3216 alteriue

30 3249 263 3326 cvaloribus
289 3251 412 3351 primo
425 3250 614 3337 inventis,
641 3259 677 3333 8r
703 3269 914 3350 opponetur
939 3241 1074 3322 alteri.
1176 3273 1185 3286 =

29 3353 250 3432 ¹Alsumatur
264 3355 399 3434 iterum
412 3359 555 3434 valortt
569 3357 708 3434 mediat
724 3348 956 3434 arithmetice
974 3351 1074 3424 inter

27 3465 204 3542 valorem
217 3465 402 3562 postremo
416 3467 502 3542 loco
515 3460 760 3564 allumptum,
784 3463 933 3560 &illum
947 3483 967 3533 e
981 3480 1075 3556 pru·

27 3568 277 3670 cedentibus,
301 3572 363 3671 qui
380 3575 546 3652 velocem
560 3571 726 3650 formulae
750 3567 918 3651 exhibuit
940 3565 1078 3640 haben‘-

28 3689 112 3753 tem
140 3675 281 3776 lignum
303 3678 650 3780 contrariumitgno
681 3679 825 3758 valoris
846 3669 1001 3756 exhibiti
1028 3672 1076 3746 ab

29 3781 170 3888 eodem
199 3835 213 3892 t
248 3789 344 3890 {rum
368 3788 495 3874 eadem
517 3785 698 3876 methodo
717 3785 859 3894 semper
882 3777 1078 3962 adamatur

83 3915 88 3932 ⁵
271 3907 277 3918 *
566 3899 653 3996 rt
970 3907 1080 3988 vator
