2842 4626
336 371 416 451 „4
546 347 1186 428 rereoeonnrnrn

338 453 519 538 decrescet
543 456 654 553 usque
681 454 726 529 ed
752 455 769 527 Ι
794 496 806 536 ,
828 455 884 527 vel
909 457 924 531 ι’
949 471 1028 528 tum
1053 453 1191 533 crescet
1217 509 1228 534 .
1252 461 1375 567 Quare

336 575 451 645 etlam
468 565 623 657 angulus
636 581 683 636 ex
708 580 750 635 ec
765 575 898 660 parte,
923 583 967 636 cx
995 583 1068 661 qua
1084 565 1156 638 crit
1172 587 1303 645 acutus
1321 573 1374 647 dc·

337 667 476 750 crescet
504 666 613 770 usque
640 666 686 741 ed
711 668 752 752 1,
779 667 837 743 vel
863 668 902 747 i,
928 683 1006 741 tum
1023 665 1182 755 crescet,
1206 677 1240 751 dr
1263 675 1373 752 exal.

335 787 563 873 rerepente,
583 794 631 851 cx
643 795 716 871 quc
728 772 799 850 eric
811 770 964 848 obtusus
979 775 1141 862 crescet,
1162 793 1238 854 turn
1252 779 1373 858 decre·

332 885 408 962 sect
423 931 433 956 .
447 877 554 956 Facto
570 895 692 958 tutem
709 881 778 954 AD
801 883 838 955 in
853 881 895 962 1,
917 879 973 954 vel
999 883 1015 952 l
1040 885 1241 982 quadrante
1258 933 1270 968 ,
1297 887 1371 985 ejus

331 993 429 1070 finus
444 1001 612 1088 equatur
624 985 728 1062 radio
743 1013 756 1078 3
780 987 944 1086 adeoque
959 987 1030 1062 hoc
1046 991 1123 1088 ipso
1138 1013 1272 1068 canone
1290 1009 1369 1070 tarr·

258 1146 267 1160 ·
334 1121 425 1200 gent
439 1093 515 1192 ejus
529 1096 651 1193 anguli
666 1093 871 1190 equabitur
887 1095 1054 1190 tangenti
1072 1113 1180 1174 arcun
1198 1099 1257 1172 AB
1273 1149 1283 1182 ,
1310 1101 1368 1174 vel
1400 1171 1404 1182 ,

331 1207 415 1288 BE,
438 1201 549 1300 &ipsc
565 1221 671 1276 arcus
690 1200 751 1270 AB
761 1241 772 1280 ,
788 1201 842 1272 ΒΕ
856 1217 964 1276 erunt
980 1201 1143 1280 mensurna
1157 1205 1368 1302 angulorum

330 1313 460 1390 ΕΒΑ,
485 1309 578 1382 BDE
606 1309 641 1380 in
670 1306 734 1380 illo
760 1307 865 1388 casu,
888 1306 988 1403 quod
1019 1311 1130 1384 etiarn
1161 1307 1303 1386 conllat
1328 1329 1370 1386 cx

329 1413 1369 1516 n.155,cumDineoccsuebcctinspolumcirculiAliE.

276 1587 277 1590 ,
337 1599 339 1606 ,
383 1524 473 1618 248.
525 1517 1370 1622 Pctetuutemetiaminuquclidillantlapun.

328 1631 546 1709 storumD,
570 1623 690 1700 dhlnc
703 1623 785 1699 inde
797 1627 841 1702 ab
868 1629 911 1707 1,
936 1629 992 1700 vel
1018 1627 1256 1728 ablangulus
1287 1627 1370 1720 hinc

329 1739 459 1818 ΕΒΑ,
485 1731 596 1813 BdA,
618 1730 700 1806 inde
739 1731 855 1814 BDE,
879 1733 959 1806 ΒΔΕ
986 1737 1141 1832 equales
1164 1735 1241 1812 sore
1263 1735 1370 1808 .fllni

327 1845 424 1923 enim
439 1863 547 1916 arcus
562 1839 658 1920 Au,
685 1835 744 1913 Ar
759 1841 1003 1940 requabuntur
1018 1842 1131 1938 duplo
1156 1841 1370 1942 quadrentit

328 1951 381 2029 Al
402 1997 414 2034 ,
438 1947 512 2022 stre
528 1943 779 2029 semicirculo,
810 1947 902 2022 adeo
932 1969 974 2022 ue
990 1943 1085 2022 linus
1109 1963 1260 2024 arcuum
1277 1949 1369 2029 nl),

325 2059 391 2135 rid
405 2056 561 2154 equales
576 2065 713 2144 erunt3
736 2077 777 2128 ec
789 1971 943 2152 proinde
957 2055 992 2128 de
1008 2071 1200 2152 tangentes
1215 2055 1368 2158 angulo·

333 2183 417 2243 rtun
435 2161 560 2244 ΕΒΑ,
586 2157 675 2233 ndu
690 2159 837 2236 eandem
857 2157 1042 2236 habebunt
1058 2162 1369 2260 magnitudinem,

382 2290 472 2370 249.
526 2270 656 2366 Quare
669 2265 831 2343 omnium
848 2269 1066 2367 angulorum
1083 2315 1093 2348 ,
1117 2267 1178 2366 qui
1194 2269 1239 2344 cd
1254 2269 1370 2346 circu·

323 2383 399 2460 lum
417 2375 514 2452 Atel
539 2373 617 2452 lierl
632 2371 775 2472 poliunt
799 2395 983 2472 perticus
1007 2371 1138 2450 dusios
1162 2398 1208 2453 en
1224 2375 1277 2459 B,
1308 2373 1371 2452 ml·-

322 2485 461 2562 ulmum
492 2479 613 2556 verser
631 2481 659 2551 Α
679 2477 831 2554 metitur
855 2479 946 2564 ΑΒ,
971 2483 1167 2558 maximum
1192 2479 1317 2559 versus
1345 2479 1369 2552 B

324 2587 573 2668 metueritis.
598 2589 801 2688 &uterque
815 2585 861 2664 ab
872 2609 918 2663 eo
932 2583 1048 2662 limite
1073 2581 1306 2674 iuteresse,
1329 2590 1371 2663 ut

322 2695 360 2777 ln
376 2693 512 2774 rectum
528 2693 686 2770 desinet.

382 2829 473 2902 250.
529 2801 563 2876 Si
577 2801 693 2900 igitur
707 2793 899 2897 expuncto
914 2801 1005 2878 dato
1021 2797 1048 2874 B
1062 2811 1300 2900 oportettap
1330 2797 1371 2872 li·

321 2905 644 3006 cerenrcurn1qui
660 2905 1036 3007 continearangulum
1055 2907 1180 2993 ΒΗΑ,
1206 2909 1264 2983 vel
1277 2827 1371 2984 Bitu
1403 2950 1405 2954 .

322 3015 477 3107 dntumg
505 3014 537 3090 ie
563 3009 739 3110 applicari
757 3037 830 3087 non
859 3016 1024 3114 poterit,
1050 3013 1136 3099 nili,
1163 3038 1234 3114 quc
1261 3028 1371 3112 parte

318 3122 465 3224 respicit
486 3118 781 3221 perpendiculum
807 3119 925 3198 minus
942 3121 1028 3204 AB,
1059 3111 1102 3198 lit
1134 3131 1298 3204 cedrus,
1324 3131 1373 3197 cit

315 3246 424 3331 perte
437 3225 683 3329 perpendiculi
698 3225 848 3325 majoris
863 3229 1014 3304 obtusus
1028 3256 1038 3305 e
1054 3253 1119 3306 nec
1134 3227 1274 3326 puriter
1304 3253 1371 3328 ap-

317 3341 447 3438 pllc'cri
460 3333 628 3436 poterit,
651 3333 674 3410 Ιι
690 3331 792 3410 distet
806 3357 827 3408 a
841 3331 939 3412 recto
955 3333 1074 3436 ningit
1089 3383 1103 3428 ,
1118 3356 1235 3436 vquum
1263 3353 1371 3412 uter-

197 3459 205 3482 ’
317 3447 378 3520 vis
392 3464 543 3523 arcuum
559 3441 618 3514 ΒΑ
632 3485 644 3522 ,
657 3439 712 3513 BE
726 3465 747 3514 n
760 3439 1133 3542 quadranterputerit
1149 3457 1270 3518 autern
1289 3443 1328 3520 in
1342 3441 1371 3524 Ι,

318 3549 380 3624 &l
394 3567 537 3626 tanturn
549 3576 566 3630 ·,
587 3547 726 3646 licque
739 3545 908 3626 distiterit
921 3575 930 3624 ε
945 3575 987 3627 cc
1001 3551 1036 3626 iu
1051 3547 1145 3626 binis
1172 3545 1373 3648 polluunt

317 3651 498 3753 benseque
513 3653 665 3730 remotis
679 3651 858 3729 hincinde
873 3671 947 3731 tarn
961 3657 1006 3733 ab
1022 3655 1064 3740 l,
1088 3677 1196 3752 quarn
1213 3657 1257 3731 ab
1268 3661 1313 3744 ι’,
1343 3651 1370 3730 li

251 3781 252 3784 ’
318 3755 488 3836 dilliterit
505 3758 623 3835 minut
640 3808 651 3842 ,
677 3779 795 3861 eoque
818 3761 974 3866 propius
989 3757 1135 3868 punctis
1152 3763 1211 3851 A,
1227 3763 1274 3856 E,
1287 3757 1370 3866 quo
1412 3789 1415 3822 ¹

316 3859 731 3971 lueritpropiorrecto.
1307 3871 1372 3952 Dc
