2824 4640
263 393 355 466 ‘2¹4
423 407 425 412 ·
614 359 975 436 sacurem

273 461 629 567 rumioscstigatur,
652 464 808 555 ubinam
821 462 1015 561 quantitas
1028 456 1323 568 quaepiampera

273 601 391 686 petuo
417 575 605 655 variabilis
630 575 677 652 ad
692 570 894 651 maximum
922 571 1107 670 aliquem,
1132 575 1193 651 vel
1209 575 1338 656 mini-¹

173 675 179 694 ¹
275 715 375 768 nrurn
394 687 557 762 valorem
573 679 774 760 deveniat.

327 815 421 892 439.
474 793 574 889 Saepe
595 789 688 878 bino
710 781 941 889 quantitates
956 783 1150 862 variabiles
1178 783 1234 865 iia
1248 785 1325 869 ase

273 903 432 980 invicem
448 897 632 998 pendent,
657 911 700 970 ιιι
714 897 831 970 altera
857 907 1002 968 mutata
1020 907 1189 987 mutetur
1212 899 1248 971 dr
1263 902 1322 973 al·

272 1028 381 1098 tera.
407 1009 447 1080 lo
464 1023 570 1082 motu
583 1001 749 1103 equabili
765 999 900 1099 pendet
913 998 1071 1098 spatium
1098 1001 1319 1100 percursam

272 1117 594 1209 asolotemporc:
622 1107 951 1204 duplonimirnm,
984 1111 1045 1183 uel
1072 1109 1189 1206 triplo
1220 1126 1322 1186 tem·

210 1273 214 1282 -
271 1245 365 1323 pore
377 1220 547 1316 duplum,
564 1217 621 1296 vel
635 1217 786 1317 triplum
801 1212 957 1311 spatium
971 1211 1193 1290 conficitur.
1217 1218 1318 1292 Por-

270 1355 317 1406 ro
334 1325 393 1402 hic
408 1347 552 1408 nexus,
574 1327 633 1402 vel
648 1323 768 1424 potest
792 1319 857 1400 esse
886 1319 1081 1420 ejusmodi,
1104 1337 1147 1395 ιιι
1161 1325 1319 1404 altera,

269 1431 462 1535 quantitas
487 1445 668 1533 perpetuo
693 1425 859 1515 crescat,
885 1431 997 1504 altera
1011 1443 1199 1524 perpetuo
1226 1455 1316 1508 cre·

269 1541 413 1632 scente,
439 1552 662 1635 acmutetur
683 1554 859 1615 accurate
873 1535 909 1610 io
923 1535 1066 1611 ratione
1080 1530 1233 1634 simplici
1249 1539 1316 1614 di-

267 1642 557 1730 redaalterlus,
585 1643 687 1743 quod
710 1643 747 1720 in
761 1642 946 1743 superiore
957 1640 1125 1740 exemplo
1154 1643 1314 1721 contin·

267 1753 350 1856 git,
378 1753 437 1829 vel
453 1767 494 1826 ut
511 1765 675 1830 mutetur
689 1748 725 1826 in
743 1749 865 1852 aliqua
880 1747 1025 1826 ratione
1049 1747 1155 1848 ipsrus
1177 1751 1313 1828 multi·

266 1861 405 1962 plicata
422 1853 585 1946 diresiaj
611 1857 919 1960 quemadmodum
935 1857 970 1930 in
987 1851 1201 1934 Geometria
1217 1859 1310 1956 3104

264 1971 399 2044 borum
415 1963 622 2064 superficies
646 1965 729 2040 sunt
750 1963 1014 2062 induplicatae
1039 1967 1157 2042 moles
1179 1981 1309 2047 autem

264 2071 304 2148 in
319 2071 507 2174 triplicata
526 2071 725 2151 radiorum
750 2071 923 2155 ratione,
948 2073 1008 2148 vel
1036 2069 1117 2148 lieri
1140 2074 1257 2174 potest
1283 2101 1309 2154 e

264 2181 488 2262 contrario,
506 2199 578 2265 ιιι,
604 2181 722 2270 altera
745 2177 928 2258 crescente
948 2198 1158 2278 perpetuo,
1184 2183 1306 2260 altera

261 2305 445 2389 perpetuo
460 2285 669 2369 decrescat,
694 2285 976 2388 utsrquantitas
997 2285 1142 2386 quavis
1168 2286 1205 2362 in
1221 2291 1306 2388 pln-

260 2419 321 2470 ree
338 2408 464 2490 partes
490 2391 695 2473 diuiditur,
719 2391 939 2494 magnitudo
965 2389 1187 2494 lingularum
1212 2419 1302 2494 par·

251 2499 355 2576 'tium
370 2495 542 2592 decrescit
565 2497 762 2576 iuratione
785 2500 975 2600 reciproca
989 2500 1140 2601 fimplici
1156 2503 1301 2581 numeri

259 2607 449 2707 partium,
474 2607 630 2706 quiquo
644 2602 850 2704 majores,
873 2634 919 2685 eo
933 2607 1077 2710 singulo
1092 2609 1302 2707 partesmi-

258 2713 500 2798 adrastiam,
527 2737 571 2790 ac
595 2713 1003 2803 inNevutnnitheoria
1030 2713 1207 2818 gravitas
1236 2718 1300 2808 de·

257 2815 435 2895 crescitin
450 2817 597 2900 ratione
610 2823 802 2918 reciproca
829 2821 1017 2920 duplicata
1042 2819 1295 2902 distantiarum
1348 2833 1352 2836 ’

257 2950 279 3002 a
293 2926 330 3000 se
346 2925 524 3012 invicem,
538 2954 584 3004 eo
596 2925 769 3006 nimirum
785 2927 835 3006 est
849 2929 995 3016 minor,
1013 2954 1091 3032 quo
1107 2926 1295 3008 dissentia·-¹

252 3055 336 3108 rum
351 3035 533 3132 quadrata
552 3035 690 3134 majora
704 3033 785 3109 sunt
798 3087 812 3114 .

289 3164 399 3234 440.
454 3137 604 3240 Atsaepe
619 3141 728 3217 etiarn
744 3141 958 3246 contingit,
981 3144 1151 3222 etaltera
1163 3169 1297 3246 perpe·

252 3261 324 3326 ‚tuo
338 3243 544 3332 crescente,
567 3255 683 3327 altera
700 3269 882 3350 perpetuo
909 3255 1047 3330 creseat
1061 3278 1127 3352 per
1138 3253 1295 3354 aliquod

252 3352 512 3439 intervallum,
542 3373 618 3432 tum
633 3356 786 3455 incipiat
799 3361 1025 3442 decrescere,
1050 3361 1109 3435 vel
1123 3360 1296 3437 vicevcr·

247 3457 285 3536 sa
300 3464 358 3558 pri
363 3455 424 3538 mo
437 3461 617 3542 decrescat
632 3484 710 3542 tum
727 3465 880 3566 incipiat
900 3469 1085 3547 crescere,
1103 3493 1152 3551 „ac
1167 3465 1204 3544 in
1217 3469 1298 3569 pri·

250 3593 315 3640 mo
327 3571 413 3644 ,casn
430 3571 476 3646 ad
493 3571 691 3650 maximum
704 3576 918 3672 quoddam,
945 3572 981 3651 in
995 3573 1154 3651 secundo
1178 3579 1295 3653 dere·

247 3669 389 3748 oiatad
405 3677 700 3770 minimumssic
724 3681 811 3758 dum
838 3709 958 3782 grave
976 3681 1066 3758 sune
1088 3682 1295 3780 pendulum

246 3775 416 3906 astillat,
441 3786 612 3870 celeritas
630 3781 793 3892 augetur
804 3807 992 3894 perpetuo
1015 3787 1129 3892 nsque
1151 3789 1290 3976 “dinavit
