2838 4628
344 393 349 400 ·
406 374 439 444 Α
467 393 487 443 1
513 396 539 446 e
565 399 583 448 1
611 398 630 446 a
656 394 754 449 nn.
1053 383 1104 486 63

111 487 199 566 116.
255 485 378 558 Porro
392 479 429 554 in
444 481 619 558 divisione
633 481 1104 571 adhibeturtantummodo

167 615 260 664 -11

51 697 121 754 mx
265 666 377 768 ,quia
390 686 436 740 eo
453 663 561 764 paeto
576 666 752 743 residuum
771 669 930 744 'omnino
950 627 1103 756 sufficiet

53 887 123 962 pro
132 852 385 934 subtrattioue
399 849 507 950 primi
524 851 666 943 termini
681 881 714 929 en
726 879 746 927 a
760 803 820 930 um
833 817 884 841 ἡ
906 806 936 930 ¹.
967 859 1001 938 ls
1037 849 1103 937 aua

55 987 129 1044 tem
143 963 193 1042 est
208 966 326 1038 multo
343 959 462 1063 major
477 959 624 1058 reliquis
637 961 806 1034 omnibus
820 961 921 1036 limul
932 961 1099 1065 sumptis,

56 1071 283 1174 potillrmum
299 1068 357 1141 ubi
380 1066 452 1166 jam
467 1087 491 1141 x
504 1065 645 1142 constat
662 1053 825 1164 pluribus
840 1072 940 1145 notis
955 1116 967 1154 ‚
995 1095 1037 1147 ac
1051 1097 1100 1152 ex

57 1179 135 1280 ipsa
152 1176 321 1251 decadica
345 1197 581 1249 numerorum
606 1175 928 1272 natura¹pluribus
955 1177 1099 1256 vicibus

13 1303 17 1314 ¹
61 1287 215 1384 superat
227 1279 334 1380 ipsum
350 1305 397 1362 a,
425 1295 466 1355 ut
480 1281 516 1354 in
534 1279 654 1356 radice
668 1281 850 1378 quadrata
865 1283 1073 1360 monuimus
1087 1338 1100 1364 .

64 1391 316 1495 Quamobrem
332 1391 559 1487 plerunque,
586 1389 689 1484 quod
704 1385 877 1483 supererit
893 1388 1013 1490 ptimo
1030 1379 1106 1468 ter·

67 1499 193 1579 mino,
217 1496 363 1570 sufficiet
379 1517 448 1592 pro
463 1491 638 1592 reliquis;
666 1499 708 1570 ac
721 1493 744 1568 sr
757 1494 853 1571 forte
868 1521 942 1573 non
955 1496 1101 1575 suffece-

68 1605 145 1698 rit,
170 1601 330 1702 idipsum
354 1600 578 1678 indicabitur
592 1601 636 1676 ab
659 1599 718 1676 illa
745 1599 879 1678 summa
892 1601 1105 1682 subtrahen-

68 1712 136 1792 da,
161 1704 240 1810 ipuoe
255 1707 332 1807 ipso
347 1709 486 1783 reliduo
501 1706 618 1804 major
632 1707 831 1790 obveniet,
856 1713 890 1786 dr
905 1711 1105 1789 remedium

67 1837 162 1896 note
178 1813 377 1892 minuente
390 1817 438 1892 eli
449 1815 645 1890 admodum
663 1814 698 1886 in
714 1836 911 1913 promptu.

129 1947 208 2019 ¹27·
260 1921 334 1995 Ubi
349 1943 534 2020 exponens
551 1919 682 1995 radicis
698 1917 746 1996 est
759 1947 931 2000 numerus
946 1919 1107 2002 divisibi-

71 2028 161 2106 lisin
176 2033 266 2104 duos
279 2025 460 2111 faetores,
486 2027 596 2102 satius
609 2027 658 2104 est
671 2030 865 2106 extrahere
888 2029 991 2126 prius
1006 2027 1104 2106 radi-

12 2213 13 2220 *
73 2159 149 2212 cem
166 2135 362 2236 expositam
376 2135 421 2212 ab
437 2135 554 2214 altero
570 2179 581 2214 ,
608 2149 686 2210 tum
702 2163 748 2212 ex
765 2161 807 2213 ea
822 2133 944 2212 radice
957 2133 1028 2232 jam
1041 2159 1106 2211 ex·

72 2238 186 2318 crarta
202 2241 392 2320 extrahere
415 2239 573 2322 radicem
600 2241 644 2318 ab
659 2245 777 2317 altero
788 2239 991 2340 expositam
1008 2289 1019 2330 2
1047 2240 1104 2314 Sic

73 2348 97 2423 11
111 2351 212 2428 radix
223 2365 353 2450 quarta
369 2348 597 2426 extrahenda
624 2345 691 2434 lit,
715 2344 826 2424 satius
844 2346 892 2425 etl
908 2341 1104 2424 extrahere

13 2497 14 2502 =
72 2455 169 2556 prius
193 2455 351 2533 radicem
373 2453 588 2538 secundam,
616 2470 695 2529 tum
717 2479 820 2535 exea
835 2452 969 2529 iterum
984 2449 1107 2528 1111111·

74 2565 175 2637 dama
203 2563 228 2637 11
251 2562 387 2641 sextam
416 2577 592 2663 oporteat
607 2561 827 2644 extrahere,
853 2559 965 2637 satius
977 2557 1028 2638 eh
1042 2579 1106 2638 ex·

12 2669 17 2704 ³
73 2671 212 2750 trahere
227 2671 327 2769 prius
343 2669 518 2755 tertiam,
544 2686 620 2744 tum
636 2695 682 2746 ex
696 2691 737 2745 ea
750 2662 965 2744 secundam.

125 2780 206 2856 128.
260 2775 324 2854 fla
351 2776 494 2875 quidem
521 2775 684 2852 methodi
714 2775 763 2852 ad
774 2773 931 2850 radicem
954 2768 1133 2880 ommno,

12 2893 13 2896 ’
72 2886 273 2984 perducunt
289 2885 347 2958 vel
362 2901 568 2958 accuratam
586 2882 608 2956 li
626 2881 713 2958 adsit
728 2928 740 2964 ‚
753 2885 811 2955 vel
823 2881 1028 2980 proximam
1042 2904 1052 2954 a
1065 2893 1106 2952 at

72 2995 279 3089 qunpluree
302 3007 401 3066 note
412 2989 484 3090 jam
500 2989 658 3068 invente
682 2987 790 3074 sunt,
815 2993 938 3086 &quo
953 2989 1106 3066 altiores

12 3099 13 3102 ’
73 3099 207 3175 radices
238 3113 392 3194 oportet
420 3097 641 3178 extrahere,
664 3124 710 3174 eo
724 3093 841 3194 magis
856 3092 984 3172 crescit
999 3091 1105 3167 labor

73 3201 106 3279 in
121 3206 351 3283 immensum.
369 3207 489 3282 Multo
504 3203 751 3302 expeditiores
765 3204 945 3282 habentur
963 3197 1109 3276 metho-

74 3311 131 3396 di,
151 3315 184 3390 dr
201 3301 285 3410 qne
298 3315 419 3387 multo
432 3307 546 3386 citius
559 3327 792 3411 convergunt
804 3308 885 3393 ,sed
900 3303 1110 3380 innituntur

12 3439 13 3442 ’
73 3419 264 3498 altioribus
290 3417 561 3497 fundamentis.
588 3419 706 3496 Unam
724 3416 782 3493 hie
798 3417 971 3492 addemus
987 3419 1004 3500 ‚'
1026 3429 1131 3507 quw*

12 3543 14 3584 1
72 3528 222 3622 profluit
237 3551 280 3603 ex
291 3525 448 3604 formula
463 3525 615 3604 binomii
630 3547 654 3602 x
669 3527 718 3624 -1-
733 3549 754 3598 a
769 3521 903 3598 elevati
917 3521 962 3597 ad
979 3531 1110 3618 poten·

12 3649 13 3726 3
73 3629 158 3709 tiam
184 3633 438 3716 indefinitam,
467 3631 685 3713 &translati
702 3619 1109 3732 adporemiasfrauio·

12 3743 13 3830 ἶ
72 3739 216 3829 uariae,
246 3741 317 3822 lire
330 3741 376 3822 ad
391 3741 567 3821 radices.
826 3833 828 3840 Ι

12 3849 14 3900 ³
531 3869 534 3876 ⁴
905 3865 987 3948 129.
1014 3837 1104 3913 For·
1135 3903 1140 3914 .
