2824 4640
423 373 458 454 al
486 397 507 448 e
532 397 604 452 or
631 400 651 449 n
677 391 769 450 nte.
1056 403 1128 486 ¹93
1206 360 1210 367 ’

67 492 138 595 qni
153 483 536 604 sedestruunt,uredit
562 485 624 560 illa
650 479 725 583 lpsa
750 479 912 581 equatio
936 484 1129 592 ¹p'ropofita

70 611 410 743 gradusquartix⁴
430 609 526 734 -Ῑ-αε1
548 631 599 730 ·{-
617 651 638 706 a
654 653 682 708 x
696 631 746 730 4-
761 629 786 706 6
800 649 854 734 =
877 655 928 708 o.

127 770 220 842 4¹0·
286 739 425 819 Notati
454 753 576 831 autent
601 735 722 838 potest
746 741 970 840 generaliter
995 743 1085 822 illud
1110 752 1127 839 ζ

67 853 319 953 aquationem
335 846 459 950 quarti
474 847 612 946 gradus
626 892 638 928 2
665 869 746 946 quae
759 845 983 947 postremum
1000 855 1125 932 termi·
1194 845 1197 860 ’

66 987 158 1038 num
174 959 395 1058 negativum
421 952 582 1038 babeat,
609 976 684 1029 non
706 954 806 1056 polle
832 953 969 1036 habere
992 986 1124 1040 onmes

66 1069 214 1145 radices
226 1064 492 1164 imaginarias.
520 1067 614 1140 Nana
631 1062 859 1160 aquationes
874 1063 1016 1143 secundi
1032 1095 1121 1172 gra·

65 1175 164 1257 dus,
187 1195 270 1272 quc
285 1169 521 1272 imaginarias
534 1167 766 1270 quantitates
784 1171 1028 1278 contineant,
1055 1178 1120 1252 de·

50 1283 160 1360 ‘bent
183 1279 317 1356 habere
342 1277 565 1380 postremum
591 1279 786 1358 terminum
802 1276 999 1380 pontivum
1017 1291 1120 1383 (per

63 1413 195 1468 numa
208 1409 250 1486 15
265 1401 312 1488 >3
338 1414 381 1466 ac
396 1387 551 1488 proinde
566 1385 588 1462 st
603 1385 717 1464 ambe
730 1413 807 1471 ee,
833 1391 1028 1489 exquibus
1040 1389 1119 1465 ori·

62 1496 447 1595 turaquatioquarti
459 1542 472 1578 ,
494 1494 655 1572 habeant
680 1493 823 1574 radices
845 1495 1118 1601 'imaginariasg

62 1605 254 1681 habebunt
269 1603 383 1681 ambe
407 1605 612 1704 postremos
628 1603 811 1686 terminos
833 1605 1041 1706 polrtivos,
1068 1631 1118 1684 ex

62 1735 227 1812 quorum
254 1710 564 1811 multiplicatione
578 1708 787 1812 postremus
812 1714 992 1790 terminus
1005 1737 1118 1815 quar·

63 1840 111 1896 tae
137 1819 284 1897 orietur
308 1819 492 1920 pofitivus
517 1815 764 1919 etia-misse..
801 1821 1058 1924 Qamobrem
1088 1819 1116 1896 li

62 1926 229 2026 aquatio
256 1928 382 2026 quarti
408 1930 558 2030 gradus
574 1925 794 2030 negativum
823 1927 958 2006 habeat
974 1930 1114 2028 postre-

62 2055 163 2108 mum
180 2033 403 2121 terminum,
422 2037 497 2137 jain
511 2031 632 2113 statim
644 2029 823 2115 constabit
836 2081 849 2120 ,
862 2031 988 2112 saltem
1004 2035 1111 2113 binas
1199 2034 1204 2048 '

58 2140 186 2218 baberi
213 2141 356 2221 radices
372 2148 514 2229 reales,
540 2143 643 2244 quod
656 2142 817 2241 sequenti
842 2143 1113 2242 §.generaliter

59 2247 387 2329 demonstrabimus
412 2253 456 2326 de
471 2253 643 2331 omnibus
670 2248 942 2351 aquationibus
969 2249 1108 2349 gradus

10 2395 12 2406 =
58 2357 186 2455 paris,
200 2359 345 2438 ut&de
361 2361 481 2460 gradu
496 2360 637 2463 impare
651 2357 877 2437 ostendimus
888 2355 1027 2462 semper
1039 2355 1108 2436 sal·

10 2473 11 2476 ’
57 2472 135 2540 tem
150 2465 398 2564 unambaberi
415 2467 573 2548 radicem
589 2470 747 2552 realem·
839 2514 841 2518 ·

108 2595 157 2670 41
172 2597 202 2650 r.
254 2575 400 2653 Contra
428 2601 520 2658 uero
535 2575 558 2651 li
573 2578 735 2681 aequatio
750 2575 812 2654 illa
826 2573 929 2656 tertii
946 2574 1110 2676 gradus,

42 2698 139 2781 'quae
152 2679 303 2760 exhibet
318 2686 484 2761 valorem
492 2713 548 2785 y,
575 2711 650 2761 nou
679 2688 838 2763 alternet
866 2683 991 2761 omnia
1009 2680 1110 2782 figna

56 2789 301 2867 terminorum
316 2817 329 2884 ;
344 2791 568 2870 manifestum
581 2793 655 2870 erit
668 2791 689 2878 (
702 2815 768 2894 per
783 2815 909 2870 nunna
916 2813 967 2891 50
979 2801 1000 2891 )
1014 2837 1025 2873 s
1041 2791 1107 2868 ha·

54 2894 130 2973 beri
148 2895 292 2976 radices
305 2897 544 2998 imaginarias
558 2899 594 2975 in
608 2897 818 3000 aquatione
837 2901 974 2998 gradus
990 2921 1105 2998 quar-

55 3001 111 3096 εἰς
138 3011 176 3084 ἃ
200 3003 225 3081 li
247 3007 373 3084 otnnia
395 3007 494 3106 signa
508 3007 730 3090 continuet,
757 3009 862 3082 nullo
886 3011 1101 3086 alternato,
1231 3001 1236 3016 '

51 3107 234 3190 constabit
247 3138 377 3191 ornnes
392 3117 534 3193 radices
563 3111 803 3218 imaginarias
819 3109 912 3192 elle.
937 3114 1034 3189 Nam
1051 3112 1102 3188 ibi

53 3215 379 3298 demonstravimus
405 3221 646 3324 otnnialigna
669 3221 875 3307 alternari,
899 3220 1104 3298 ubiornnes

51 3327 196 3405 radices
209 3329 325 3406 reales
341 3375 354 3412 ,
377 3327 412 3403 ἃ
427 3327 597 3428 politivae
613 3330 719 3412 sunt,
734 3328 860 3404 otnnia
877 3325 1137 3424 continuatim
1210 3375 1213 3380 -

50 3433 110 3509 ubi
122 3459 252 3515 omnes
263 3433 470 3538 negative.
497 3439 629 3536 Quare
644 3432 669 3508 li
684 3461 759 3511 non
773 3435 899 3513 omnia
917 3438 1103 3512 alternan-

48 3553 140 3629 tur,
162 3569 241 3622 non
256 3569 384 3625 omnes
399 3545 548 3646 valores
555 3567 610 3641 y,
634 3558 745 3619 erunt
758 3545 901 3628 reales,
925 3546 960 3618 &
974 3542 1102 3643 positi·
1130 3619 1140 3638 ⁸

50 3647 111 3740 vi,
137 3651 244 3753 quod
267 3651 473 3754 requiritur
500 3649 670 3732 adhoc,
697 3663 740 3727 ut
755 3669 882 3728 omnes
910 3652 1057 3728 valores
1073 3673 1100 3726 u
1165 3661 1174 3678 ·

45 3757 164 3839 reales
179 3759 269 3842 tint.
295 3761 330 3878 Si
345 3775 469 3842 autern
494 3783 627 3946 arnust}
649 3757 948 3850 continuantur,
975 3761 1098 3941 nuilus

654 3887 676 3944 a
1060 3889 1100 3946 a·
