2828 4634
363 429 436 492 loa
647 449 650 458 =
709 411 735 484 E
761 433 782 484 u
807 436 825 486 r
854 433 880 483 u
906 435 923 485 a
951 435 977 484 u
1003 435 1026 488 u
1053 435 1077 483 s
1372 489 1376 502 ι

341 509 532 620 dispolita
552 517 631 594 lunt
646 517 922 616 inc,quarum
934 508 1155 616 posteriores
1169 513 1331 616 quinque
1344 527 1391 598 'ex

341 629 513 728 quinque
531 624 718 722 prioribus
730 621 1219 700 nuntiaverrendodlarun
1231 625 1393 700 omnium

342 733 558 832 legitimam
586 731 790 808 illationem
818 731 853 805 in
880 735 1040 805 numeris
1058 731 1394 832 explorabunt‘ly·

343 861 455 914 torres
473 863 517 936 ‚q
529 860 596 912 uos
609 835 745 914 litteris
761 838 795 910 in
809 835 925 934 prima
937 837 1183 935 proportione
1195 835 1299 912 lumel
1313 836 1393 910 sub·

342 941 498 1020 llitutos
518 941 639 1016 iisdem
654 945 689 1018 in
705 944 874 1019 omnibns
892 943 1042 1042 reliquis
1068 939 1309 1022 substituent,
1331 963 1393 1040 per

343 1049 470 1149 magni
486 1049 585 1125 enirn
601 1048 748 1126 interest
762 1075 827 1150 per
843 1049 935 1124 hanc
962 1070 1197 1122 numerorum
1223 1046 1392 1122 substitu-

345 1157 488 1231 tionem
505 1155 719 1253 algebraico
734 1201 745 1236 ‚
760 1175 802 1232 ut
815 1157 865 1230 ita
883 1157 1014 1237 dicam,
1030 1151 1184 1228 sermoni
1202 1151 1392 1230 aduenere

343 1285 503 1360 eumque
520 1261 580 1336 fibi
592 1259 806 1339 familiarem
824 1257 988 1355 enicem
1009 1263 1044 1335 in
1060 1259 1184 1336 nostro
1199 1279 1324 1337 autem
1335 1283 1392 1334 ca·

343 1363 383 1440 lu
407 1367 643 1466 quantitates
670 1367 808 1467 semper
823 1369 1121 1468 proportionales
1145 1367 1390 1442 obtinebunt.

344 1474 536 1548 Ceterum
554 1475 734 1574 generalia
747 1473 880 1552 horum
894 1471 1155 1552 demonstratio
1170 1490 1273 1570 patet
1304 1471 1386 1548 iuD

345 1579 407 1656 ubi
422 1578 553 1656 barum
569 1581 734 1656 omnium
748 1582 955 1658 illationum
970 1579 1127 1658 extremi
1141 1579 1179 1652 dr
1192 1579 1301 1654 medii
1317 1597 1387 1654 ter·

345 1684 432 1760 mini
455 1683 614 1762 invicem
631 1685 726 1762 dudli
744 1688 833 1764 dant
848 1689 1004 1785 equales
1029 1685 1284 1784 quantitates,
1308 1707 1389 1760 cum

345 1791 390 1865 lit
406 1817 452 1866 ex
467 1787 637 1894 hypoteli
652 1793 700 1869 ud
711 1827 757 1873 =
771 1798 838 1880 br,
865 1795 968 1873 &bis
984 1792 1181 1891 equalibus
1194 1792 1384 1890 quantita·

348 1899 452 1972 tibus
464 1900 598 1996 ubique
611 1896 795 1977 addantur
808 1903 866 1974 vel
879 1900 1087 1976 adimantur
1102 1901 1257 1996 equales
1273 1949 1286 1973 .

405 2025 462 2096 ¹4·
520 2001 1388 2107 Exbisdecenrproportionibuscumsecundant

344 2107 557 2194 inferimus,
580 2111 616 2186 in
631 2137 703 2212 qua
718 2111 851 2189 summa
868 2113 1109 2190 terminorum
1131 2109 1177 2185 ad
1190 2107 1381 2186 seeundum

342 2215 529 2299 refertur,
553 2221 802 2317 argumentari
816 2221 971 2296 dicimur
997 2218 1252 2318 conpertum
1282 2217 1385 2292 srae-

341 2345 390 2398 ro
403 2323 615 2400 eorumdem
630 2321 836 2403 differentia
849 2328 894 2402 ad
911 2326 1101 2402 secundum
1117 2319 1299 2405 refertur,
1324 2345 1382 2397 ar·

342 2427 553 2526 gumentari
583 2425 739 2504 dicimur
766 2432 995 2506 diuidendos
1022 2427 1138 2528 Qud
1160 2427 1184 2502 l
1213 2429 1385 2504 demum..

342 2529 533 2627 utriusque
547 2532 705 2606 rationis
719 2535 825 2631 prior
838 2537 1016 2613 terminus
1029 2538 1075 2610 ad
1090 2531 1195 2635 primi
1210 2535 1384 2613 &secuu-

342 2635 378 2710 di
394 2633 633 2710 differentiam
650 2639 856 2722 referatur,
879 2661 920 2718 ut
943 2639 979 2716 iu
993 2639 1125 2718 ortana
1143 2639 1184 2716 fit
1200 2687 1213 2726 ‚
1233 2643 1307 2718 boc
1323 2663 1384 2715 ar·

340 2739 580 2836 gumentandi
597 2766 711 2839 genus
726 2743 861 2821 dicitur
888 2748 1063 2848 tosurrfiu
1087 2751 1241 2826 rationis
1256 2799 1266 2822 .
1284 2745 1383 2824 Reli·

338 2867 420 2941 qua
446 2843 626 2920 illationes
639 2850 796 2947 propriis
810 2855 1017 2931 nominibus
1031 2871 1157 2932 carent
1172 2910 1181 2928 .
1195 2853 1385 2932 Ceterum

337 2947 375 3021 in
395 2949 636 3031 Aritbmetica
652 2959 897 3057 proportione
911 2961 1039 3040 harum
1060 2961 1267 3039 illationum
1282 2963 1387 3038 nulla

336 3057 600 3134 mmmmmm

399 3185 455 3260 ις.
508 3165 548 3240 ln
564 3171 728 3265 qualibet
742 3173 984 3271 proportione
998 3173 1122 3250 eadem
1139 3172 1304 3250 manebit
1322 3195 1384 3246 ra·

338 3266 479 3347 tionum
496 3275 710 3371 aequalitas,
731 3277 1002 3374 lipereamdem
1017 3281 1265 3377 quantitatem
1286 3279 1384 3353 mul·

337 3376 527 3488 tiplicetur
553 3399 617 3453 aut
646 3382 858 3466 dividatur,
882 3391 941 3463 vel
966 3387 1105 3485 primus
1133 3387 1168 3462 ἃ
1195 3385 1386 3464 secundus

335 3483 534 3572 terminus;
550 3489 603 3561 rel
618 3489 758 3587 primus
775 3495 808 3567 u
823 3491 974 3586 tertius;
989 3497 1046 3565 rel
1062 3495 1194 3566 tertius
1211 3495 1245 3568 dr
1262 3515 1384 3588 quar·

334 3601 437 3680 tuse.
453 3592 509 3664 uel
533 3588 705 3670 secundus
720 3601 755 3673 8<
771 3613 952 3690 quartus:
977 3601 1039 3674 vel
1068 3599 1219 3696 aliquod
1234 3623 1284 3675 ex
1321 3597 1383 3672 bis

332 3691 485 3772 binariis
497 3701 594 3788 ;'·uel
605 3702 866 3784 omnia-finnt,
888 3703 963 3783 live
977 3729 1042 3799 per
1053 3707 1215 3780 eamdent
1232 3705 1383 3786 omniu,

331 3797 404 3891 sna
417 3805 652 3906 persingulas
665 3811 800 3912 lingula
814 3809 953 3892 binaria
967 3813 1387 3913 quantitates.litenlrn

335 3945 340 3964 ·
1258 3916 1304 3994 iu
1321 3917 1388 3998 tris
