2840 4636
387 399 524 484 Ano
549 428 570 478 n
596 429 616 477 e
640 427 737 480 nm.
1024 429 1102 506 259

63 501 274 609 nuptm,
295 509 460 586 omnium
485 513 728 588 formularum
757 525 958 613 utcumque
982 514 1028 590 ad
1052 519 1104 590 al·

61 619 212 700 tillimar
226 619 455 716 aquationes
466 618 536 693 rite
553 618 745 696 ordinatas
762 622 1020 719 pertinentium
1035 621 1105 696 dif-

61 719 227 808 ferentia
241 722 386 821 exigue
401 721 481 797 sunt
493 726 788 825 quamproxime,
803 715 844 804 tit
854 725 1065 804 differentia
1077 750 1103 803 tt

60 831 293 938 generaliter,
311 847 419 906 extra
433 854 571 930 paucos
587 833 671 908 illos
693 834 961 911 determinatos
975 833 1102 919 talus,

61 940 245 1042 inquibus
259 958 283 1012 tt
298 935 441 1012 accedit
455 937 501 1012 ad
514 938 656 1016 radices
671 941 890 1040 aquationis
905 943 1026 1041 primo
1042 941 1104 1014 de-

64 1050 194 1126 ricattc
208 1070 256 1122 ex
270 1040 343 1140 ipsa
356 1043 514 1120 formula
526 1089 539 1127 ‚
549 1045 681 1142 quibus
697 1048 837 1125 casibus
852 1048 961 1124 etiam
975 1047 1102 1126 omnic

66 1154 248 1233 maxima,
268 1173 311 1225 ac
325 1149 472 1226 minima
491 1148 644 1246 ejusdem
658 1154 825 1230 formnltc
839 1155 1101 1231 continentur.
1127 1205 1129 1210 -

64 1266 122 1340 Ac
145 1260 238 1334 idem
255 1254 447 1355 pariterin
474 1255 625 1355 reliquie
639 1263 809 1338 omnibns
837 1261 1005 1337 formulis
1024 1257 1103 1334 uni·

66 1391 148 1448 cam
172 1361 386 1440 variabilem
412 1364 661 1462 quantitatem
688 1368 963 1446 continentibus
978 1369 1124 1442 locum·

66 1477 201 1554 habet,
229 1485 271 1545 ut
282 1469 450 1544 nimirum
466 1473 688 1567 generaliter
705 1474 834 1556 auda,
861 1479 920 1550 vel
934 1474 1103 1548 imminu·

64 1601 106 1660 ta
120 1577 286 1656 variabili
300 1575 362 1652 illa
385 1575 596 1676 quantitate
608 1601 674 1675 per
686 1577 910 1660 differentias
924 1578 1011 1654 setis
1024 1579 1104 1653 exi·

67 1711 182 1791 guas,
224 1679 436 1757 differentia
463 1705 614 1781 quoque
640 1686 760 1762 totius
787 1688 954 1764 formula
980 1683 1105 1760 iisdem

67 1795 137 1874 illis
162 1787 376 1866 differentiis
402 1788 704 1887 proportionales
718 1794 813 1872 lint,
842 1809 978 1889 preter
1003 1789 1105 1867 talus
1179 1793 1182 1803 '

66 1897 266 2003 quosdam,
295 1896 330 1969 ln
357 1894 491 1995 quibus
506 1893 712 1972 differentia
740 1899 905 1973 formula
931 1895 1106 1969 infinitien

68 2003 186 2104 magis
199 2001 370 2079 decrescit
386 2006 443 2079 vel
456 1999 583 2080 crescit
594 2051 606 2087 ‚
618 2025 729 2102 quam
745 2003 854 2087 alibi,
870 2026 912 2077 ac
925 2003 984 2076 vel
1001 2019 1105 2076 tran·

67 2116 113 2192 lit
125 2138 144 2188 e
157 2109 365 2210 pontivam
380 2109 593 2206 negativam
608 2159 619 2194 ,
636 2111 880 2188 &maximum
893 2107 1106 2204 quoddam,¹

67 2235 133 2298 ant
148 2217 334 2292 minimum
350 2215 502 2291 exhibet
519 2266 531 2300 ,
559 2221 619 2294 vel
631 2241 678 2292 ex
692 2219 815 2299 eadem
830 2213 930 2292 nihili
947 2259 958 2296 ‚
975 2230 1040 2289 aut
1054 2211 1105 2287 in.

65 2326 161 2405 finiti
175 2342 281 2424 perte
295 2339 397 2398 retro
411 2325 647 2420 regreditur.
1127 2320 1129 2330 '

123 2455 212 2531 ςιο.
266 2430 362 2504 Hinc
383 2429 535 2506 inomni
563 2433 768 2508 tabulatum
784 2425 1004 2531 'generehac
1027 2425 1109 2505 fere

66 2539 245 2618 methodo
268 2538 431 2620 utimur,
459 2555 501 2613 nt
525 2537 561 2612 in
577 2537 835 2622 Astronomia‚
862 2537 897 2610 in
913 2531 1103 2635 Trigono?

67 2645 223 2726 metria,
251 2669 294 2719 ac
319 2643 356 2719 itt
373 2644 684 2742 logarithmorttm
714 2645 874 2723 tabulis.
900 2643 1108 2742 Computa·

66 2755 95 2829 ti
107 2752 187 2828 sunt
202 2774 326 2848 etogr.
340 2750 556 2849 logarithmi
573 2777 641 2849 pro
659 2748 987 2848 numerisintegtis
1016 2775 1025 2822 ε
1050 2751 1107 2822 lo·

69 2859 245 2960 garlthmi
260 2881 329 2956 pro
346 2858 506 2933 numeris
519 2859 792 2936 continentibus
806 2853 1000 2934 lrafliones
1014 2879 1109 2954 quo·

1 2987 2 3056 ζ
68 2993 142 3066 que
167 2981 302 3064 prater
320 2979 493 3040 numeros
521 2965 691 3063 integros
705 2959 942 3043 inveniuntur
966 2988 1016 3039 ert
1038 2961 1107 3036 hnc

67 3071 314 3172 lnppofitiooe
331 3119 342 3152 ‚
364 3072 466 3167 quod
480 3069 693 3148 differentia
708 3073 1017 3175 lognrithmorum
1031 3067 1108 3143 exi·

65 3205 150 3280 gua
168 3174 383 3252 differentiis
398 3201 631 3255 numerorum
648 3179 716 3254 lint
729 3178 1029 3280 proportionales
1044 3173 1111 3248 sat·

1 3301 2 3384 ζ
67 3307 144 3364 tem
164 3280 333 3384 proxime
348 3327 359 3363 2
375 3284 410 3362 dt
428 3282 587 3361 inventis
605 3285 641 3361 in
658 3287 782 3361 tabula
797 3279 1031 3386 logaritlrmis
1045 3301 1112 3352 nu·

66 3393 162 3470 meri
179 3386 349 3490 proxime
367 3387 518 3487 majoris
530 3439 544 3476 ‚
567 3393 602 3466 8(
631 3391 802 3490 proxime
820 3389 972 3467 minoris
994 3386 1111 3468 dato,

1 3507 2 3580 Ῐ
66 3525 137 3600 per
161 3499 328 3596 regulam
345 3521 424 3575 cum
446 3499 514 3574 hac
542 3497 837 3598 prorsusdttplici
852 3495 935 3575 falla
960 3493 1113 3590 politio·

1 3614 3 3689 ζ
65 3633 115 3682 ne
137 3619 403 3704 congruentem
436 3605 680 3706 logorithmus
695 3608 833 3681 numeri
860 3601 1037 3704 propositi
1057 3599 1115 3672 ina

44 3711 223 3800 ‚venitur
236 3726 341 3812 parte
364 3735 375 3785 t
397 3713 528 3813 .hnjut
544 3714 660 3798 tomi,
688 3713 845 3788 Arithm.
860 3733 930 3806 c.3.
945 3731 1113 3805 num.35.

100 3841 225 3919 vstr.
282 3815 525 3906 lnilsautem
542 3813 1116 3999 cnlrbus‚inquibusexsecup·

144 3974 148 3980 -
649 3932 733 4008 Rc
1091 3943 1115 4004 a
