2840 4636
93 573 96 578 Ι
249 551 253 558 ,
443 474 578 550 Auo
604 500 622 549 r
649 501 669 548 u
694 499 793 554 tre.
1057 498 1140 576 30⁷

25 627 34 636 ·
91 607 170 686 qno
185 581 216 660 is
230 581 339 656 vaior
352 578 479 659 hnitue
494 583 565 667 en,
596 581 806 660 invenietur
820 583 892 660 hoc
907 581 1039 683 patto.
1063 591 1139 662 De·

92 697 261 769 riventut
297 709 371 764 tarn
398 717 444 767 ex
470 709 734 776 numeratore,
760 710 870 791 quam
899 718 946 770 ex
972 693 1143 770 denomi-

91 821 226 876 natore
255 799 332 870 aliae
372 822 418 873 ex
444 798 523 871 aliia
553 793 722 873 formula
750 801 929 876 methodo
970 789 1142 900 exposita

91 909 113 995 (
123 909 345 1002 num.464.)
361 952 372 985 ,
396 905 512 980 donec
528 903 746 983 de'veniatur
761 905 806 986 ad
822 907 998 986 formulas
1024 933 1072 984 ex
1089 909 1140 981 il·

91 1021 129 1092 la
154 1014 335 1112 positione
371 1035 445 1084 noo
470 1007 750 1094 evanescentes,
779 1014 813 1088 ἃ
845 1011 949 1089 valor
986 1011 1139 1094 fractio·

93 1125 153 1201 nis
172 1121 243 1198 etit
258 1119 313 1196 is,
341 1139 448 1211 quem
465 1115 654 1192 exhibebit
680 1114 812 1196 frattio
839 1119 974 1195 habena
991 1127 1138 1198 valeres

93 1233 154 1307 ita
175 1223 434 1326 provenientes
451 1223 484 1296 in
508 1223 552 1296 iis
566 1223 735 1300 formati,
763 1229 1075 1318 innumeratum,
1101 1227 1138 1304 dt
1164 1249 1166 1256 ‘

93 1334 400 1416 denominatum.
425 1332 547 1424 Atque
562 1330 636 1406 hec
651 1332 797 1427 quidem
812 1339 937 1434 regula
955 1335 1138 1433 generalia

94 1443 146 1523 est
169 1439 337 1516 omnibus
358 1434 599 1511 frastionibus
627 1440 844 1536 algebraicis
859 1441 1139 1521 continentibus

94 1548 414 1629 indeterminatam
437 1543 686 1642 quantitatem
713 1563 787 1619 tam
815 1549 851 1622 in
876 1567 1143 1632 numeratore,
1240 1547 1241 1552 ’

96 1681 208 1760 quam
223 1655 261 1728 in
274 1649 584 1730 denominatore,
612 1651 646 1722 dt
667 1657 880 1730 carentibus
898 1657 1065 1735 terminis
1080 1681 1142 1732 ra·

96 1763 313 1842 ditalibus,
347 1755 668 1832 indeterminatam
693 1757 803 1855 ipsam
833 1761 1141 1848 involventibnt,
1205 1794 1214 1805 ·

96 1871 162 1971 qui
188 1865 380 1942 substituto
395 1865 524 1938 valore
547 1859 674 1963 aliquo
689 1873 760 1962 pto
778 1867 1062 1947 indeterminata
1078 1896 1140 1944 ea·

97 1981 215 2056 dem,
253 1969 351 2045 smol
390 1969 628 2047 evanescant.
658 1970 769 2049 Ratio
806 1989 929 2048 autent
975 1973 1144 2049 methodi

98 2087 208 2161 ineo
238 2074 416 2160 fitaeh,
455 2077 556 2176 quod
581 2075 606 2149 st
631 2093 794 2178 ponatur
831 2101 900 2175 pro
928 2079 1001 2177 ipsa
1043 2080 1143 2153 inde·

99 2185 301 2268 terminati
316 2183 424 2260 radix
446 2183 505 2259 iila
520 2181 623 2259 autta
640 2185 853 2282 quantitate
869 2185 904 2258 in
932 2183 1145 2265 immensum

99 2297 264 2394 ὠμὴ
293 2287 707 2372 differentiasormule,
735 2289 906 2374 sinebit,
931 2293 991 2370 ubi
1019 2289 1143 2367 subni·
1209 2383 1213 2392 Ι

97 2420 182 2484 tuta
199 2399 321 2477 radice
335 2399 516 2484 ,formula
527 2397 715 2500 proposita
729 2394 933 2484 evanescit,
946 2401 1053 2476 valor
1065 2400 1144 2478 for·

4 2601 7 2608 Ι
100 2513 207 2590 mule
233 2506 342 2606 ipsius
368 2507 568 2584 exhibetur
593 2530 703 2604 quam
727 2503 1139 2610 proximdasotmula,

100 2641 184 2720 que
214 2614 311 2689 inter
336 2613 524 2690 derivatas
549 2615 665 2712 prima
682 2639 757 2691 non
772 2609 954 2694 evanescit
983 2612 1088 2690 dubia
1104 2613 1142 2690 in

101 2727 369 2822 incrementum
383 2720 473 2796 illud
487 2720 646 2804 radicis,
674 2725 732 2798 vei
747 2719 824 2820 eju,
841 2725 1064 2820 quadratum
1080 2722 1141 2798 vei

103 2831 266 2914 cubum,
291 2829 325 2904 tr
350 2825 539 2926 divisuper
564 2853 605 2910 ι,
639 2831 697 2904 vel
720 2842 789 2911 ixa
805 2831 886 2910 ,vui
909 2843 1032 2929 txax3
1050 2853 1138 2928 pro·

8 2977 12 3024 r
104 2935 433 3034 utineritprimo,
456 2932 709 3019 velsecundo,
736 2937 795 3010 vel
818 2937 931 3016 tertio
945 2939 1142 3022 derivata,
1178 3003 1181 3011 .

105 3053 142 3126 ἃ
167 3046 219 3120 ita
236 3063 359 3150 'porro
373 3041 482 3146 juitta
508 3043 700 3139 nnm.467.
715 3041 787 3117 Ubi
811 3067 901 3122 veto
926 3045 1146 3147 piuressunt

11 3239 12 3252 χ
102 3151 247 3231 radicet
270 3149 523 3248 aquatembt
541 3150 651 3230 serius
666 3151 859 3228 devenitur
877 3153 924 3230 ad
949 3152 1148 3231 formulam
1275 3209 1278 3220 ,
1412 3159 1419 3166 “

101 3285 179 3338 non
202 3256 497 3344 evanescentem,
533 3257 700 3360 adeoque
725 3255 749 3332 ii
777 3281 949 3338 numerus
975 3257 1143 3338 ‘radicum

103 3366 299 3468 equalium
323 3361 619 3464 fuetitmaiotin
645 3385 906 3451 numeratote,
925 3363 1144 3443 devenietut·
1222 3386 1233 3396 “
1288 3358 1290 3362 ’

92 3475 143 3551 ,in
157 3497 203 3550 eo
218 3471 264 3548 ad
275 3471 470 3550 formulam
485 3498 559 3550 non
582 3469 854 3554 evanescentem
869 3468 980 3578 seritis
995 3522 1007 3558 ‚
1030 3495 1142 3572 quarn

15 3591 17 3602 ’
103 3579 144 3664 iu
171 3579 490 3664 denominatote,
530 3581 564 3655 dr
597 3577 761 3679 potestas
800 3577 1014 3658 incrementi
1046 3579 1146 3654 radi-

83 3688 187 3768 ·c'ts,
213 3687 382 3789 inquam
408 3686 735 3764 duc'etnrsormnia
760 3689 882 3786 primo
905 3713 979 3764 non
1008 3705 1143 3763 evane-

104 3794 210 3872 scent
226 3813 313 3870 orta
325 3819 372 3871 ex
388 3811 625 3872 numeratore
635 3841 647 3878 ,
659 3794 731 3870 erit
746 3795 881 3880 altior,
906 3817 1017 3895 quam
1031 3795 1066 3868 in
1082 3792 1150 3880 ,dee

106 3901 370 4010 nominatum,
394 3905 610 3983 &valorem
623 3900 1064 4094 ipsrxu'ateddetinfioitiee
1078 3899 1147 3974 rni-
1233 3988 1236 3996 Ι

142 4041 155 4064 ’
566 4027 568 4031 ’
747 4031 771 4094 2
1076 4032 1146 4096 no·

820 4175 854 4222 θ
