2842 4630
287 435 364 530 ¹64
635 425 666 502 li
688 445 709 500 1
734 451 754 503 a
779 447 807 502 11
831 449 851 506 a
877 449 904 502 n
930 451 953 506 τ
979 449 1005 502 11

283 533 553 621 nondeerel'cat
566 535 663 612 ultra
680 535 924 634 quoscumque
939 532 1073 610 limitet
1097 529 1135 607 in
1159 528 1192 610 se
1207 537 1334 618 deter-

283 650 449 729 minatos
463 639 618 745 respedin
633 641 710 742 ejus
727 691 738 723 ,
766 637 923 736 reipeftn
937 639 1040 738 cujus
1053 647 1336 729 contemnitur,

284 753 390 856 quod
416 749 662 834 haereatur,
686 751 809 824 nullus
832 771 940 824 error
971 742 1120 844 usquam
1145 749 1339 828 committi

283 856 455 966 poterit.

347 989 359 1039 1
376 963 430 1036 18.
486 957 638 1038 Veteres
654 964 771 1035 multo
787 957 959 1058 longiore
974 959 1114 1034 ambitu
1130 961 1336 1038 utebantur

284 1071 503 1151 adhibenter
517 1069 743 1148 methodum,
755 1089 866 1164 quam
881 1065 1155 1142 exhaustionum
1172 1085 1332 1152 vocant.

283 1173 569 1254 concludebant
586 1175 774 1269 hogulaee
790 1173 883 1247 binis
896 1171 1171 1275 quantitatibus
1183 1197 1334 1272 compa-

283 1281 412 1363 randis
425 1279 520 1352 inter
535 1280 624 1356 alian
637 1281 739 1352 binas
754 1278 799 1352 ad
814 1278 845 1356 le
860 1278 1012 1354 invicem
1027 1279 1240 1354 accedentes
1255 1305 1333 1358 ma·

282 1389 370 1492 gie,
390 1407 499 1484 quam
517 1409 587 1480 pro
600 1387 729 1483 quavis
743 1383 830 1460 data
854 1381 1087 1466 differentia,
1112 1408 1154 1458 ac
1179 1385 1334 1464 demon·

281 1494 447 1574 litabant
474 1491 722 1588 equalitatem
746 1491 996 1586 quantitatum
1034 1489 1334 1569 concludentium

281 1603 384 1678 inter
397 1597 453 1678 le,
468 1615 543 1669 tum
560 1595 763 1670 inferebant
778 1596 925 1695 propoli
933 1615 1053 1671 tarum
1069 1598 1327 1694 quantitatum

225 1797 227 1804 Ι
281 1703 532 1805 equalitatem
548 1703 688 1796 pariter
700 1701 796 1775 inter
809 1702 866 1800 se,
891 1703 1098 1780 reducendo
1112 1699 1245 1801 semper
1260 1704 1329 1782 de·

280 1805 582 1896 monstrationem
608 1808 655 1884 ad
673 1804 864 1884 absurdum
891 1859 902 1884 .
928 1808 1107 1907 Ejusmodi
1134 1809 1334 1889 methodus

283 1917 414 1997 eodem
428 1913 666 1988 fundamento
687 1913 881 1994 innititur,
902 1937 979 2013 quo
996 1915 1191 1992 methodus
1208 1914 1329 1992 inlini.

284 2019 456 2101 telimalia
482 2069 493 2102 ,
517 2017 574 2094 sed
597 2023 715 2098 multo
740 2021 790 2096 est
814 2020 1061 2119 implicatior,
1097 2023 1132 2099 dt
1158 2025 1330 2122 longior.

283 2129 374 2208 Eam
388 2128 484 2228 apud
501 2125 656 2202 Euclidis
669 2142 976 2204 commentatores
989 2131 1091 2232 Tyro
1117 2127 1241 2204 videre
1265 2157 1331 2229 po·

284 2237 403 2315 terit,
425 2231 557 2308 fivelit
586 2281 598 2316 ‚
636 2239 671 2314 81
694 2235 752 2309 ubi
781 2233 972 2332 aliquanto
998 2235 1078 2333 plus
1105 2233 1333 2330 profecerit,

283 2345 382 2438 apud
398 2355 542 2414 veteres
554 2335 676 2440 ipson,
702 2341 956 2418 Archimedem
982 2340 1018 2418 in
1032 2341 1180 2446 primia.
1197 2343 1265 2419 Sed
1280 2343 1325 2420 de

282 2445 342 2529 bia
354 2447 428 2548 jam
445 2443 554 2522 latis.

717 2553 852 2630 Coreli.
868 2555 904 2628 6.

342 2679 427 2755 ¹¹9·
481 2659 697 2761 Pyramides
720 2660 852 2738 baiam
879 2657 1069 2757 equalium
1108 2659 1145 2734 in
1179 2661 1334 2738 eundem

282 2765 425 2864 apicem
443 2762 666 2850 desinentes,
689 2772 746 2842 vel
775 2785 961 2864 utcunque
987 2765 1135 2842 eandem
1163 2768 1333 2844 altitudi-

282 2893 365 2950 nem
385 2868 583 2948 habentes,
608 2871 689 2946 sunt
703 2875 883 2969 equales·

344 2999 426 3051 120·
483 2975 603 3051 Potest
615 2975 710 3052 enim
726 3001 790 3076 per
812 3001 1039 3054 communem
1054 2979 1230 3056 verticem
1247 2978 1330 3056 duci

282 3085 432 3184 planum
461 3086 569 3179 plano
592 3084 726 3158 balium
754 3089 965 3180 parallelum
988 3131 999 3166 ‚
1021 3104 1201 3184 eruntque
1228 3086 1334 3186 super

279 3189 483 3287 equalibus
499 3189 663 3272 balldne,
686 3189 768 3267 &in
784 3188 902 3266 iisdem
927 3191 1042 3290 planis
1055 3192 1262 3290 parallelin;
1289 3195 1326 3269 dc

280 3299 423 3394 pariter
437 3295 460 3370 li
476 3293 574 3370 balea
601 3301 830 3372 collocentur
844 3298 879 3370 in
893 3299 1019 3374 eodem
1036 3303 1144 3396 plano
1171 3301 1334 3374 vertices

280 3403 328 3474 ad
344 3401 493 3474 eandem
518 3421 658 3497 partem
674 3401 726 3475 hti
755 3403 790 3476 in
807 3404 930 3477 eadem
956 3403 1145 3478 altitudine
1160 3404 1334 3485 termina·

279 3503 423 3581 buntur
435 3507 482 3579 ad
497 3505 589 3583 idem
603 3513 747 3607 planum
760 3509 900 3582 balbus
911 3511 1124 3607 parallelum
1139 3559 1150 3584 .

713 3615 849 3692 Coreli.
889 3665 899 3686 .

279 3816 286 3825 ι
342 3734 424 3786 aar.
478 3717 644 3818 Pyramia
658 3718 706 3794 ell
720 3721 829 3796 tertia
844 3635 928 3817 pbrn
941 3717 1124 3830 prismatia
1152 3719 1328 3802 habentia

278 3818 455 3923 *qualem
470 3815 577 3898 balim
591 3826 867 3907 &altitudinem
881 3879 893 3926 2

1113 3955 1200 4014 raa.
1229 3937 1323 4014 Col&
