2828 4634
328 310 406 402 ψσ
658 307 1030 390 Ettxnurn

322 401 1365 522 deratiocompolitaexarmn=p‚prr{r:t,'rrb

324 523 450 600 eadem
462 521 511 597 ell
524 543 565 595 ac
579 520 681 598 ratio
692 541 811 621 cupre
825 551 835 600 t
849 527 996 624 murth,
1021 528 1057 604 io
1079 551 1155 627 qtta
1174 531 1360 640 suppressis

320 625 579 708 communibus
592 629 757 704 terminis
771 650 934 709 remanet
946 632 1043 710 ratio
1061 638 1168 712 atr.

374 759 436 811 ar.
487 729 1362 850 Hincduplexoriturargumentandiratioqua.

317 841 529 920 rum-,altera
541 840 735 919 diciturctt
747 845 957 943 equalitate
966 846 1164 932 ordinata,
1187 860 1359 936 altetaerr

317 946 528 1048 equalitate
541 947 758 1049 perturbare
771 999 783 1024 .
797 949 901 1032 Sint,
926 954 1019 1027 utin
1036 958 1097 1034 AB
1111 957 1147 1032 ἃ
1162 962 1230 1034 AC
1242 993 1265 1044 ‚·
1281 981 1357 1040 tren

314 1047 545 1154 quantitates
558 1080 605 1132 ex
619 1076 690 1132 una
707 1071 834 1158 parte„
849 1063 885 1136 &
901 1071 976 1134 trec
992 1084 1039 1134 ert
1050 1063 1144 1149 alia,
1171 1065 1224 1142 ita
1240 1086 1281 1143 ut
1294 1094 1357 1144 ea.

311 1162 393 1238 dem
409 1152 453 1236 lit
466 1161 666 1260 utrobique
680 1163 779 1239 ratio
790 1161 914 1262 prime
930 1164 977 1240 ad
1001 1163 1188 1248 secundam
1205 1178 1278 1254 ,.&
1301 1173 1354 1250 ie·

312 1261 438 1346 conde
453 1261 499 1348 nd
514 1267 690 1359 tertiamr
713 1270 786 1344 erit
810 1267 920 1346 etiam
936 1269 1135 1370 utrobique
1152 1279 1276 1355 eadem
1294 1305 1356 1356 ra·

310 1373 366 1449 tio
395 1373 520 1470 prime
542 1375 588 1450 ad
603 1373 774 1456 tertiam,
798 1377 833 1456 ἃ
860 1375 933 1449 hoc
958 1373 1007 1450 est
1032 1387 1277 1477 argumentari
1304 1411 1353 1464 ert

308 1482 520 1578 equalitate
533 1480 705 1558 ordinata
716 1535 726 1556 .
737 1481 770 1554 si
787 1507 877 1558 reto
893 1481 1004 1558 fuerit
1016 1503 1062 1564 tx
1078 1508 1147 1563 una
1158 1509 1263 1588 parte
1279 1493 1353 1592 pti·

309 1609 372 1662 trra
381 1585 571 1685 quantitas
586 1589 631 1662 ad
643 1586 834 1664 secundam
850 1604 890 1662 ut
913 1583 1064 1666 secunda
1077 1591 1288 1674 adientium
1302 1623 1351 1676 ex

309 1692 420 1773 atla,
437 1687 651 1784 &contra3
696 1693 1036 1792 argumentabimur
1063 1723 1111 1776 ex
1136 1702 1350 1801 equalitate

306 1799 524 1892 perturbata
541 1800 563 1876 fi
580 1796 776 1876 inferamus
799 1801 960 1878 eamdem
992 1799 1058 1876 elle
1083 1809 1280 1908 utrobique
1294 1835 1353 1884 ra·
1404 1905 1408 1920 Ι

307 1902 448 1978 tionem
476 1906 600 2002 primm
626 1901 673 1982 ad
697 1905 843 1983 tertiam
870 1957 881 1982 .
912 1907 1081 2006 Exempla
1109 1917 1350 2018 pretatione

304 2005 540 2090 arithmetica
567 2009 647 2091 sunt
661 2011 697 2086 io
711 2015 781 2090 AD
796 2019 831 2093 u
848 2013 931 2095 At,
945 2013 1210 2096 demonstratio
1222 2041 1346 2099 autem

300 2113 438 2210 pendet
465 2141 512 2192 ex
538 2119 708 2216 eoquod
734 2113 870 2196 ultime
890 2121 1054 2198 tationes
1077 2128 1347 2227 exprecedett·

302 2217 401 2294 tibur
418 2222 617 2320 equalibus
632 2241 932 2324 componantur.

354 2343 417 2400 aa.
471 2323 568 2402 Hinc
586 2331 694 2404 etiam
709 2332 931 2431 intelligitur
951 2354 1018 2410 cur
1032 2335 1197 2416 Eucliden
1225 2335 1346 2418 ratio-

295 2451 379 2500 nem
396 2428 638 2526 compositam
668 2433 840 2510 definiens
866 2461 913 2512 ert
938 2439 1082 2522 duabus
1094 2467 1117 2516 o¹
1131 2473 1142 2520 r
1158 2449 1208 2530 b,
1232 2435 1345 2532 red,

294 2531 373 2606 lieri
390 2526 518 2628 jubeat
534 2551 576 2606 ut
589 2537 805 2614 antecedens
818 2541 978 2618 secunde
992 2571 1010 2620 c
1026 2549 1072 2622 ad
1085 2547 1186 2626 suum
1209 2552 1336 2628 conle-

291 2657 466 2732 quentem
482 2637 530 2721 d,
554 2637 607 2710 ita
636 2639 915 2742 consequentem
944 2651 1069 2747 prime
1095 2658 1118 2729 b
1140 2658 1186 2734 ad
1200 2683 1341 2735 novam

293 2741 541 2834 quantitatem
556 2762 601 2823 t,
626 2745 721 2820 utlit
739 2776 759 2824 o
778 2777 788 2822 r
805 2777 823 2828 e
838 2753 935 2828 ratio
948 2781 995 2834 ex
1010 2760 1149 2838 duabus
1160 2765 1342 2862 prodistis

289 2847 494 2942 composita
509 2847 572 2921 .1d
585 2849 759 2948 inquam,
789 2857 1070 2957 intelligiturex
1093 2867 1339 2948 ooliraetiam

289 2943 528 3034 delinitione,
547 2979 629 3034 nam
647 2961 746 3038 ratio
761 2985 782 3036 a
800 2989 812 3037 t
829 2991 847 3041 r
864 2969 1103 3066 componitur
1115 2999 1163 3054 ex
1183 2971 1340 3053 rationi·

287 3057 473 3152 turrim
504 3062 611 3152 ber:
636 3071 1166 3166 quatecumlitbtezctdr
1190 3079 1345 3160 eritra*

203 3243 206 3250 ,
285 3164 342 3242 tio
357 3190 380 3236 o
394 3179 406 3238 r
421 3191 440 3241 e
454 3165 656 3265 compolita
676 3176 939 3255 curationibus
957 3205 977 3254 r
996 3184 1064 3264 rb,
1087 3183 1195 3262 reda

335 3293 407 3366 ⁴23·
459 3273 572 3350 Ratio
593 3276 757 3368 inversa,
772 3281 831 3358 seu
848 3287 1038 3384 reciproca
1054 3289 1208 3376 dicitur,
1223 3311 1342 3392 quam

283 3371 397 3454 babet
411 3371 641 3478 consequens
659 3389 704 3462 ad
722 3385 819 3464 suum
840 3394 1136 3472 antecedentem.
1163 3400 1342 3478 siccatio

276 3477 424 3584 ‘inversa
440 3501 461 3580 3
483 3489 528 3594 ad
546 3489 749 3572 deliratio
766 3499 1338 3608 dopta,eademtcllicet,quam

282 3585 416 3667 babent
435 3597 459 3665 6
476 3595 520 3668 ad
536 3609 570 3688 3·
610 3668 614 3674 .

160 3715 163 3725 ‘
329 3719 391 3796 aq.
444 3699 666 3784 Fradlionee
686 3697 768 3788 sunt
784 3699 820 3788 in
836 3700 1202 3820 rttinneffcnmpoirtt
1215 3721 1340 3903 eregii

313 3817 320 3824 ’
762 3871 764 3876 ,
1223 3850 1265 3903 re
1308 3856 1332 3909 a
